@Article{Chau:1984fp,
     author    = "Chau, Ling-Lie and Keung, Wai-Yee",
     title     = "{Comments on the Parametrization of the Kobayashi-Maskawa
                  Matrix}",
     journal   = "Phys. Rev. Lett.",
     volume    = "53",
     year      = "1984",
     pages     = "1802",
     doi       = "10.1103/PhysRevLett.53.1802",
     SLACcitation  = "%%CITATION = PRLTA,53,1802;%%"
}

@Article{Wolfenstein:1983yz,
     author    = "Wolfenstein, Lincoln",
     title     = "{Parametrization of the Kobayashi-Maskawa Matrix}",
     journal   = "Phys. Rev. Lett.",
     volume    = "51",
     year      = "1983",
     pages     = "1945",
     doi       = "10.1103/PhysRevLett.51.1945",
     SLACcitation  = "%%CITATION = PRLTA,51,1945;%%"
}

@Article{Buras:1994ec,
     author    = "Buras, Andrzej J. and Lautenbacher, Markus E. and
                  Ostermaier, Gaby",
     title     = "{Waiting for the top quark mass, K+ $\to$ pi+ neutrino
                  anti-neutrino, B(s)0 - anti-B(s)0 mixing and CP asymmetries
                  in B decays}",
     journal   = "Phys. Rev.",
     volume    = "D50",
     year      = "1994",
     pages     = "3433",
     eprint    = "hep-ph/9403384",
     archivePrefix = "arXiv",
     doi       = "10.1103/PhysRevD.50.3433",
     SLACcitation  = "%%CITATION = HEP-PH/9403384;%%"
}

@Article{Jarlskog:1985ht,
     author    = "Jarlskog, C.",
     title     = "{Commutator of the Quark Mass Matrices in the Standard
                  Electroweak Model and a Measure of Maximal CP Violation}",
     journal   = "Phys. Rev. Lett.",
     volume    = "55",
     year      = "1985",
     pages     = "1039",
     doi       = "10.1103/PhysRevLett.55.1039",
     SLACcitation  = "%%CITATION = PRLTA,55,1039;%%"
}

@Article{Jarlskog:2005uq,
     author    = "Jarlskog, C.",
     title     = "{The quark mixing matrix with manifest Cabibbo substructure
                  and an angle  of the unitarity triangle as one of its
                  parameters}",
     journal   = "Phys. Lett.",
     volume    = "B615",
     year      = "2005",
     pages     = "207",
     eprint    = "hep-ph/0503199",
     archivePrefix = "arXiv",
     doi       = "10.1016/j.physletb.2005.04.033",
     SLACcitation  = "%%CITATION = HEP-PH/0503199;%%"
}

@Article{Bjorken:2005rm,
     author    = "Bjorken, James D. and Harrison, P. F. and Scott, W. G.",
     title     = "{Simplified unitarity triangles for the lepton sector}",
     journal   = "Phys. Rev.",
     volume    = "D74",
     year      = "2006",
     pages     = "073012",
     eprint    = "hep-ph/0511201",
     archivePrefix = "arXiv",
     doi       = "10.1103/PhysRevD.74.073012",
     SLACcitation  = "%%CITATION = HEP-PH/0511201;%%"
}

@Article{Harrison:2009bz,
     author    = "Harrison, P. F. and Dallison, S. and Scott, W. G.",
     title     = "{The Matrix of Unitarity Triangle Angles for Quarks}",
     journal   = "Phys. Lett.",
     volume    = "B680",
     year      = "2009",
     pages     = "328",
     eprint    = "0904.3077",
     archivePrefix = "arXiv",
     primaryClass  =  "hep-ph",
     doi       = "10.1016/j.physletb.2009.09.004",
     SLACcitation  = "%%CITATION = 0904.3077;%%"
}

@article{Frampton:2010ii,
      author         = "Frampton, Paul H. and He, Xiao-Gang",
      title          = "{Unitarity Boomerang}",
      journal        = "Phys. Lett.",
      volume         = "B688",
      pages          = "67",
      doi            = "10.1016/j.physletb.2010.03.077",
      year           = "2010",
      eprint         = "1003.0310",
      archivePrefix  = "arXiv",
      primaryClass   = "hep-ph",
      reportNumber   = "IPMU-10-0040",
      SLACcitation   = "%%CITATION = ARXIV:1003.0310;%%",
}

@article{Frampton:2010uq,
      author         = "Frampton, Paul H. and He, Xiao-Gang",
      title          = "{Hunting for New Physics with Unitarity Boomerangs}",
      journal        = "Phys. Rev.",
      volume         = "D82",
      pages          = "017301",
      doi            = "10.1103/PhysRevD.82.017301",
      year           = "2010",
      eprint         = "1004.3679",
      archivePrefix  = "arXiv",
      primaryClass   = "hep-ph",
      reportNumber   = "IPMU-10-0060",
      SLACcitation   = "%%CITATION = ARXIV:1004.3679;%%",
}

@Article{Charles:2004jd,
     author    = "Charles, J. and others",
     WG        = "CKMfitter Group",
     title     = "{CP violation and the CKM matrix: Assessing the impact of
                  the asymmetric $B$ factories}",
     journal   = "Eur. Phys. J.",
     volume    = "C41",
     year      = "2005",
     pages     = "1",
     eprint    = "hep-ph/0406184",
     archivePrefix = "arXiv",
     doi       = "10.1140/epjc/s2005-02169-1",
     note      = "see also online updates",
     url       = "http://ckmfitter.in2p3.fr/",
     SLACcitation  = "%%CITATION = HEP-PH/0406184;%%"
}

@Article{Aubert:2001sp,
     author    = "Aubert, Bernard and others",
 collaboration = "\babar",
     title     = "{Measurement of CP violating asymmetries in $B0$ decays to
                  CP eigenstates}",
     journal   = "Phys. Rev. Lett.",
     volume    = "86",
     year      = "2001",
     pages     = "2515",
     eprint    = "hep-ex/0102030",
     archivePrefix = "arXiv",
     doi       = "10.1103/PhysRevLett.86.2515",
     SLACcitation  = "%%CITATION = HEP-EX/0102030;%%"
}

@Article{Abe:2001xe,
     author    = "Abe, K. and others",
 collaboration = "Belle",
     title     = "{Observation of large CP violation in the neutral $B$ meson
                  system}",
     journal   = "Phys. Rev. Lett.",
     volume    = "87",
     year      = "2001",
     pages     = "091802",
     eprint    = "hep-ex/0107061",
     archivePrefix = "arXiv",
     doi       = "10.1103/PhysRevLett.87.091802",
     SLACcitation  = "%%CITATION = HEP-EX/0107061;%%"
}

@Article{Carter:1980tk,
     author    = "Carter, Ashton B. and Sanda, A. I.",
     title     = "{CP Violation in B Meson Decays}",
     journal   = "Phys. Rev.",
     volume    = "D23",
     year      = "1981",
     pages     = "1567",
     doi       = "10.1103/PhysRevD.23.1567",
     SLACcitation  = "%%CITATION = PHRVA,D23,1567;%%"
}

@Article{Bigi:1981qs,
     author    = "Bigi, Ikaros I. Y. and Sanda, A. I.",
     title     = "{Notes on the Observability of CP Violations in B Decays}",
     journal   = "Nucl. Phys.",
     volume    = "B193",
     year      = "1981",
     pages     = "85",
     doi       = "10.1016/0550-3213(81)90519-8",
     SLACcitation  = "%%CITATION = NUPHA,B193,85;%%"
}

@Article{Krokovny:2006sv,
     author    = "Krokovny, P. and others",
 collaboration = "Belle",
     title     = "{Resolution of the quadratic ambiguity in the CKM angle
                  phi(1) using  time-dependent Dalitz analysis of anti-B0 -->
                  D (K0(S) pi+ pi-) h0}",
     journal   = "Phys. Rev. Lett.",
     volume    = "97",
     year      = "2006",
     pages     = "081801",
     eprint    = "hep-ex/0605023",
     archivePrefix = "arXiv",
     doi       = "10.1103/PhysRevLett.97.081801",
     SLACcitation  = "%%CITATION = HEP-EX/0605023;%%"
}

@Article{Aubert:2007rp,
     author    = "Aubert, Bernard and others",
 collaboration = "\babar",
     title     = "{Measurement of $\cos$ 2 beta in $B0 \to D^{(*)}$ h0
                  Decays with a Time-Dependent Dalitz Plot Analysis of $D \to
                  K0_{S} \pi^{+} \pi^{-}$}",
     journal   = "Phys. Rev. Lett.",
     volume    = "99",
     year      = "2007",
     pages     = "231802",
     eprint    = "0708.1544",
     archivePrefix = "arXiv",
     primaryClass  =  "hep-ex",
     doi       = "10.1103/PhysRevLett.99.231802",
     SLACcitation  = "%%CITATION = 0708.1544;%%"
}

@Article{Browder:1999ng,
     author    = "Browder, T. E. and Datta, A. and O'Donnell, P. J. and
                  Pakvasa, S.",
     title     = "{Measuring $\sin (2\beta)$ in $B \to D^{*+}D^{*-}K_s$
                  Decays}",
     journal   = "Phys. Rev.",
     volume    = "D61",
     year      = "2000",
     pages     = "054009",
     eprint    = "hep-ph/9905425",
     archivePrefix = "arXiv",
     doi       = "10.1103/PhysRevD.61.054009",
     SLACcitation  = "%%CITATION = HEP-PH/9905425;%%"
}

%%% moved Aubert:2006fh to common refs in Summer14.bib

%%% moved Dalseno:2007hx to common refs in Summer14.bib

@Article{Aubert:2007sd,
     author    = "Aubert, Bernard and others",
 collaboration = "\babar",
     title     = "{Measurements of CP-violating asymmetries in the decay $B0
                  \to K^{+} K^{-} K0$}",
     journal   = "Phys. Rev. Lett.",
     volume    = "99",
     year      = "2007",
     pages     = "161802",
     eprint    = "0706.3885",
     archivePrefix = "arXiv",
     primaryClass  =  "hep-ex",
     doi       = "10.1103/PhysRevLett.99.161802",
     SLACcitation  = "%%CITATION = 0706.3885;%%"
}

@Article{Garmash:2004wa,
     author    = "Garmash, A. and others",
 collaboration = "Belle",
     title     = "{Dalitz analysis of the three-body charmless decays
                  B+=>K+Pi+Pi- and B+=>K+K+K-}",
     journal   = "Phys. Rev.",
     volume    = "D71",
     year      = "2005",
     pages     = "092003",
     eprint    = "hep-ex/0412066",
     archivePrefix = "arXiv",
     doi       = "10.1103/PhysRevD.71.092003",
     SLACcitation  = "%%CITATION = HEP-EX/0412066;%%"
}

%%% moved Aubert:2006nu to common refs in Summer14.bib

@article{Lees:2012kx,
      author         = "Lees, J.~P. and others",
      title          = "{Study of \CP violation in Dalitz-plot analyses of $B^0
                        \to K^+K^-K^0_S$, $B^+ \to K^+K^-K^+$, and $B^+ \to
                        K^0_SK^0_SK^+$}",
      collaboration  = "\babar",
      journal        = "Phys. Rev.",
      volume         = "D85",
      pages          = "112010",
      doi            = "10.1103/PhysRevD.85.112010",
      year           = "2012",
      eprint         = "1201.5897",
      archivePrefix  = "arXiv",
      primaryClass   = "hep-ex",
      reportNumber   = "BABAR-PUB-11-024, SLAC-PUB-14858",
      SLACcitation   = "%%CITATION = ARXIV:1201.5897;%%",
}

@article{Lees:2011nf,
      author         = "Lees, J.~P. and others",
      title          = "{Amplitude analysis and measurement of the time-dependent
                        CP asymmetry of $B^0 \to K_S^0 K_S^0 K_S^0$ decays}",
      collaboration  = "\babar",
      journal        = "Phys. Rev.",
      volume         = "D85",
      pages          = "054023",
      doi            = "10.1103/PhysRevD.85.054023",
      year           = "2012",
      eprint         = "1111.3636",
      archivePrefix  = "arXiv",
      primaryClass   = "hep-ex",
      reportNumber   = "BABAR-PUB-11-020, SLAC-PUB-14730",
      SLACcitation   = "%%CITATION = ARXIV:1111.3636;%%",
}

@Article{Garmash:2005rv,
     author    = "Garmash, A. and others",
 collaboration = "Belle",
     title     = "{Evidence for Large Direct CP Violation in B+-
                  =>rho(770)0K+- from Analysis of the Three-Body Charmless
                  B+-=>K+-pi+-pi-+ Decay}",
     journal   = "Phys. Rev. Lett.",
     volume    = "96",
     year      = "2006",
     pages     = "251803",
     eprint    = "hep-ex/0512066",
     archivePrefix = "arXiv",
     doi       = "10.1103/PhysRevLett.96.251803",
     SLACcitation  = "%%CITATION = HEP-EX/0512066;%%"
}

@Article{Aubert:2005ce,
     author    = "Aubert, Bernard and others",
 collaboration = "\babar",
     title     = "{Dalitz-plot analysis of the decays $B^\pm \to K^\pm
                  \pi^\mp \pi^\pm$}",
     journal   = "Phys. Rev.",
     volume    = "D72",
     year      = "2005",
     pages     = "072003",
     eprint    = "hep-ex/0507004",
     archivePrefix = "arXiv",
     doi       = "10.1103/PhysRevD.72.072003",
     SLACcitation  = "%%CITATION = HEP-EX/0507004;%%"
}

@Article{Aubert:2008bj,
     author    = "Aubert, Bernard and others",
 collaboration = "\babar",
     title     = "{Evidence for Direct CP Violation from Dalitz-plot analysis
                  of $B^\pm \to K^\pm \pi^\mp \pi^\pm$}",
     journal   = "Phys. Rev.",
     volume    = "D78",
     year      = "2008",
     pages     = "012004",
     eprint    = "0803.4451",
     archivePrefix = "arXiv",
     primaryClass  =  "hep-ex",
     doi       = "10.1103/PhysRevD.78.012004",
     SLACcitation  = "%%CITATION = 0803.4451;%%"
}

@Article{Quinn:2000by,
     author    = "Quinn, Helen R. and Silva, Joao P.",
     title     = "{The Use of early data on $B \to \rho \pi$ decays}",
     journal   = "Phys. Rev.",
     volume    = "D62",
     year      = "2000",
     pages     = "054002",
     eprint    = "hep-ph/0001290",
     archivePrefix = "arXiv",
     doi       = "10.1103/PhysRevD.62.054002",
     SLACcitation  = "%%CITATION = HEP-PH/0001290;%%"
}

@Article{Aubert:2007jn,
     author    = "Aubert, Bernard and others",
 collaboration = "\babar",
     title     = "{Measurement of CP-violating asymmetries in $B0 \to$
                  ($\rho \pi^{)}$ 0 using a time-dependent Dalitz plot
                  analysis}",
     journal   = "Phys. Rev.",
     volume    = "D76",
     year      = "2007",
     pages     = "012004",
     eprint    = "hep-ex/0703008",
     archivePrefix = "arXiv",
     doi       = "10.1103/PhysRevD.76.012004",
     SLACcitation  = "%%CITATION = HEP-EX/0703008;%%"
}

@Article{Kusaka:2007dv,
     author    = "Kusaka, A. and others",
 collaboration = "Belle",
     title     = "{Measurement of CP Asymmetry in a Time-Dependent Dalitz
                  Analysis of $B0 \to (\rho \pi)0$ and a Constraint on the
                  Quark Mixing Matrix Angle $\phi_2$}",
     journal   = "Phys. Rev. Lett.",
     volume    = "98",
     year      = "2007",
     pages     = "221602",
     eprint    = "hep-ex/0701015",
     archivePrefix = "arXiv",
     doi       = "10.1103/PhysRevLett.98.221602",
     SLACcitation  = "%%CITATION = HEP-EX/0701015;%%"
}

@Article{:2007mj,
     author    = "Kusaka, A. and others",
 collaboration = "Belle",
     title     = "{Measurement of CP Asymmetries and Branching Fractions in a
                  Time-Dependent Dalitz Analysis of B0-->(rho pi)0 and a
                  Constraint on the Quark Mixing Angle $\phi_2$}",
     journal   = "Phys. Rev.",
     volume    = "D77",
     year      = "2008",
     pages     = "072001",
     eprint    = "0710.4974",
     archivePrefix = "arXiv",
     primaryClass  =  "hep-ex",
     doi       = "10.1103/PhysRevD.77.072001",
     SLACcitation  = "%%CITATION = 0710.4974;%%"
}

@Article{Aubert:2007pa,
     author    = "Aubert, Bernard and others",
 collaboration = "\babar",
     title     = "{\boldmath Measurement of \CP-Violating Asymmetries in
                  $\Bz\to D^{(*)\pm}\Dmp$}",
     journal   = "Phys. Rev. Lett.",
     volume    = "99",
     year      = "2007",
     pages     = "071801",
     eprint    = "0705.1190",
     archivePrefix = "arXiv",
     primaryClass  =  "hep-ex",
     doi       = "10.1103/PhysRevLett.99.071801",
     SLACcitation  = "%%CITATION = 0705.1190;%%"
}

@Article{Aushev:2004uc,
     author    = "Aushev, T. and others",
 collaboration = "Belle",
     title     = "{Search for CP violation in the decay B0 --> D*+- D-+}",
     journal   = "Phys. Rev. Lett.",
     volume    = "93",
     year      = "2004",
     pages     = "201802",
     eprint    = "hep-ex/0408051",
     archivePrefix = "arXiv",
     doi       = "10.1103/PhysRevLett.93.201802",
     SLACcitation  = "%%CITATION = HEP-EX/0408051;%%"
}

@Article{Aubert:2003wr,
     author    = "Aubert, Bernard and others",
 collaboration = "\babar",
     title     = "{Measurements of branching fractions and CP-violating
                  asymmetries in $B0 \to \rho^\pm h^\mp$ decays}",
     journal   = "Phys. Rev. Lett.",
     volume    = "91",
     year      = "2003",
     pages     = "201802",
     eprint    = "hep-ex/0306030",
     archivePrefix = "arXiv",
     doi       = "10.1103/PhysRevLett.91.201802",
     SLACcitation  = "%%CITATION = HEP-EX/0306030;%%"
}

@Article{Wang:2004va,
     author    = "Wang, C. C. and others",
 collaboration = "Belle",
     title     = "{Study of B0 --> rho+- pi-+ time-dependent CP violation at
                  Belle}",
     journal   = "Phys. Rev. Lett.",
     volume    = "94",
     year      = "2005",
     pages     = "121801",
     eprint    = "hep-ex/0408003",
     archivePrefix = "arXiv",
     doi       = "10.1103/PhysRevLett.94.121801",
     SLACcitation  = "%%CITATION = HEP-EX/0408003;%%"
}

@Article{Aubert:2006tw,
     author    = "Aubert, Bernard and others",
 collaboration = "\babar",
     title     = "{Measurement of time-dependent CP asymmetries in $B0 \to
                  D^{(*)}$ +- $\pi^\mp$ and $B0 \to D^\pm \rho^\mp$
                  decays}",
     journal   = "Phys. Rev.",
     volume    = "D73",
     year      = "2006",
     pages     = "111101",
     eprint    = "hep-ex/0602049",
     archivePrefix = "arXiv",
     doi       = "10.1103/PhysRevD.73.111101",
     SLACcitation  = "%%CITATION = HEP-EX/0602049;%%"
}

@Article{Aubert:2005yf,
     author    = "Aubert, Bernard and others",
 collaboration = "\babar",
     title     = "{Measurement of time-dependent CP-violating asymmetries and
                  constraints on $\sin(2\beta+\gamma)$ with partial
                  reconstruction of $B \to D^{*\mp} \pi^\pm$ decays}",
     journal   = "Phys. Rev.",
     volume    = "D71",
     year      = "2005",
     pages     = "112003",
     eprint    = "hep-ex/0504035",
     archivePrefix = "arXiv",
     doi       = "10.1103/PhysRevD.71.112003",
     SLACcitation  = "%%CITATION = HEP-EX/0504035;%%"
}

@Article{Long:2003wq,
     author    = "Long, Owen and Baak, Max and Cahn, Robert N. and Kirkby,
                  David",
     title     = "{Impact of tag-side interference on time dependent CP
                  asymmetry  measurements using coherent B0 anti-B0 pairs}",
     journal   = "Phys. Rev.",
     volume    = "D68",
     year      = "2003",
     pages     = "034010",
     eprint    = "hep-ex/0303030",
     archivePrefix = "arXiv",
     doi       = "10.1103/PhysRevD.68.034010",
     SLACcitation  = "%%CITATION = HEP-EX/0303030;%%"
}

@Article{Abe:2004mu,
     author    = "Abe, K. and others",
 collaboration = "Belle",
     title     = "{Time-dependent CP violation effects in partially
                  reconstructed B --> D*  pi decays}",
     journal   = "Phys. Lett.",
     volume    = "B624",
     year      = "2005",
     pages     = "11",
     eprint    = "hep-ex/0408106",
     archivePrefix = "arXiv",
     doi       = "10.1016/j.physletb.2005.07.020",
     SLACcitation  = "%%CITATION = HEP-EX/0408106;%%"
}

@Article{Abe:2003gn,
     author    = "Abe, K. and others",
 collaboration = "Belle",
     title     = "{Study of CP violating effects in time dependent B0 (anti-
                  B0) --> D(*)-+  pi+- decays}",
     journal   = "Phys. Rev. Lett.",
     volume    = "93",
     year      = "2004",
     pages     = "031802",
     eprint    = "hep-ex/0308048",
     archivePrefix = "arXiv",
     doi       = "10.1103/PhysRevLett.93.059901",
     SLACcitation  = "%%CITATION = HEP-EX/0308048;%%"
}

@article{Fleischer:1999pa,
      author         = "Fleischer, Robert",
      title          = "{New strategies to extract Beta and gamma from B(d)
                        ---&gt; pi+ pi- and B(S) ---&gt; K+ K-}",
      journal        = "Phys. Lett.",
      volume         = "B459",
      pages          = "306",
      doi            = "10.1016/S0370-2693(99)00640-1",
      year           = "1999",
      eprint         = "hep-ph/9903456",
      archivePrefix  = "arXiv",
      primaryClass   = "hep-ph",
      reportNumber   = "CERN-TH-99-79",
      SLACcitation   = "%%CITATION = HEP-PH/9903456;%%",
}

@Article{Fleischer:2003yb,
     author    = "Fleischer, Robert",
     title     = "{New strategies to obtain insights into CP violation
                  through B/s -->  D/s+- K-+, D/s*+- K-+, ... and B/d --> D+-
                  pi-+, D*+- pi-+, ... decays}",
     journal   = "Nucl. Phys.",
     volume    = "B671",
     year      = "2003",
     pages     = "459",
     eprint    = "hep-ph/0304027",
     archivePrefix = "arXiv",
     doi       = "10.1016/j.nuclphysb.2003.08.010",
     SLACcitation  = "%%CITATION = HEP-PH/0304027;%%"
}

@Article{Atwood:1997zr,
     author    = "Atwood, David and Gronau, Michael and Soni, Amarjit",
     title     = "{Mixing-induced CP asymmetries in radiative B decays in and
                  beyond the  standard model}",
     journal   = "Phys. Rev. Lett.",
     volume    = "79",
     year      = "1997",
     pages     = "185",
     eprint    = "hep-ph/9704272",
     archivePrefix = "arXiv",
     doi       = "10.1103/PhysRevLett.79.185",
     SLACcitation  = "%%CITATION = HEP-PH/9704272;%%"
}

@Article{Atwood:2004jj,
     author    = "Atwood, David and Gershon, Tim and Hazumi, Masashi and
                  Soni, Amarjit",
     title     = "{Mixing-induced CP violation in B --> P(1) P(2) gamma in
                  search of clean  new physics signals}",
     journal   = "Phys. Rev.",
     volume    = "D71",
     year      = "2005",
     pages     = "076003",
     eprint    = "hep-ph/0410036",
     archivePrefix = "arXiv",
     doi       = "10.1103/PhysRevD.71.076003",
     SLACcitation  = "%%CITATION = HEP-PH/0410036;%%"
}

@Article{Grinstein:2004uu,
     author    = "Grinstein, Benjamin and Grossman, Yuval and Ligeti, Zoltan
                  and Pirjol, Dan",
     title     = "{The photon polarization in B --> X gamma in the standard
                  model}",
     journal   = "Phys. Rev.",
     volume    = "D71",
     year      = "2005",
     pages     = "011504",
     eprint    = "hep-ph/0412019",
     archivePrefix = "arXiv",
     doi       = "10.1103/PhysRevD.71.011504",
     SLACcitation  = "%%CITATION = HEP-PH/0412019;%%"
}

@Article{Grinstein:2005nu,
     author    = "Grinstein, Benjamin and Pirjol, Dan",
     title     = "{The CP asymmetry in B0(t) --> K(S) pi0 gamma in the
                  standard model}",
     journal   = "Phys. Rev.",
     volume    = "D73",
     year      = "2006",
     pages     = "014013",
     eprint    = "hep-ph/0510104",
     archivePrefix = "arXiv",
     doi       = "10.1103/PhysRevD.73.014013",
     SLACcitation  = "%%CITATION = HEP-PH/0510104;%%"
}

@Article{Matsumori:2005ax,
     author    = "Matsumori, M. and Sanda, A. I.",
     title     = "{The mixing-induced CP asymmetry in B --> K* gamma decays
                  with  perturbative QCD approach}",
     journal   = "Phys. Rev.",
     volume    = "D73",
     year      = "2006",
     pages     = "114022",
     eprint    = "hep-ph/0512175",
     archivePrefix = "arXiv",
     doi       = "10.1103/PhysRevD.73.114022",
     SLACcitation  = "%%CITATION = HEP-PH/0512175;%%"
}

@Article{Ball:2006cva,
     author    = "Ball, Patricia and Zwicky, Roman",
     title     = "{Time-dependent CP asymmetry in B --> K* gamma as a (quasi)
                  null test of  the standard model}",
     journal   = "Phys. Lett.",
     volume    = "B642",
     year      = "2006",
     pages     = "478",
     eprint    = "hep-ph/0609037",
     archivePrefix = "arXiv",
     doi       = "10.1016/j.physletb.2006.10.013",
     SLACcitation  = "%%CITATION = HEP-PH/0609037;%%"
}

@Article{Bigi:1988ym,
     author    = "Bigi, Ikaros I. Y. and Sanda, A. I.",
     title     = "{ON DIRECT CP VIOLATION IN B $\to$ D0 / anti-D0 K pi's
                  versus anti-B $\to$ D0 / anti-D0 anti-K pi's DECAYS}",
     journal   = "Phys. Lett.",
     volume    = "B211",
     year      = "1988",
     pages     = "213",
     doi       = "10.1016/0370-2693(88)90836-2",
     SLACcitation  = "%%CITATION = PHLTA,B211,213;%%"
}

@Article{Gronau:1990ra,
     author    = "Gronau, Michael and London. , David",
     title     = "{How to determine all the angles of the unitarity triangle
                  from B(d)0 $\to$ D K(s) and B(s)0 $\to$ D0}",
     journal   = "Phys. Lett.",
     volume    = "B253",
     year      = "1991",
     pages     = "483",
     doi       = "10.1016/0370-2693(91)91756-L",
     SLACcitation  = "%%CITATION = PHLTA,B253,483;%%"
}

@Article{Gronau:1991dp,
     author    = "Gronau, Michael and Wyler, Daniel",
     title     = "{On determining a weak phase from CP asymmetries in charged
                  B decays}",
     journal   = "Phys. Lett.",
     volume    = "B265",
     year      = "1991",
     pages     = "172",
     doi       = "10.1016/0370-2693(91)90034-N",
     SLACcitation  = "%%CITATION = PHLTA,B265,172;%%"
}

@Article{Atwood:1996ci,
     author    = "Atwood, David and Dunietz, Isard and Soni, Amarjit",
     title     = "{Enhanced CP violation with B --> K D0 (anti-D0) modes and
                  extraction  of the CKM angle gamma}",
     journal   = "Phys. Rev. Lett.",
     volume    = "78",
     year      = "1997",
     pages     = "3257",
     eprint    = "hep-ph/9612433",
     archivePrefix = "arXiv",
     doi       = "10.1103/PhysRevLett.78.3257",
     SLACcitation  = "%%CITATION = HEP-PH/9612433;%%"
}

@Article{Atwood:2000ck,
     author    = "Atwood, David and Dunietz, Isard and Soni, Amarjit",
     title     = "{Improved methods for observing CP violation in B+- --> K D
                  and  measuring the CKM phase gamma}",
     journal   = "Phys. Rev.",
     volume    = "D63",
     year      = "2001",
     pages     = "036005",
     eprint    = "hep-ph/0008090",
     archivePrefix = "arXiv",
     doi       = "10.1103/PhysRevD.63.036005",
     SLACcitation  = "%%CITATION = HEP-PH/0008090;%%"
}

@Article{Giri:2003ty,
     author    = "Giri, Anjan and Grossman, Yuval and Soffer, Abner and
                  Zupan, Jure",
     title     = "{Determining gamma using B+- --> D K+- with multibody D
                  decays}",
     journal   = "Phys. Rev.",
     volume    = "D68",
     year      = "2003",
     pages     = "054018",
     eprint    = "hep-ph/0303187",
     archivePrefix = "arXiv",
     doi       = "10.1103/PhysRevD.68.054018",
     SLACcitation  = "%%CITATION = HEP-PH/0303187;%%"
}

@article{Rama:2010bw,
      author         = "Rama, Matteo",
      title          = "{Measurement of the CKM angle gamma (phi3) using B-&gt;DK
                        decays}",
      journal        = "PoS",
      volume         = "FPCP2009",
      pages          = "003",
      year           = "2009",
      eprint         = "1001.2842",
      archivePrefix  = "arXiv",
      primaryClass   = "hep-ex",
      SLACcitation   = "%%CITATION = ARXIV:1001.2842;%%",
}

@Article{Poluektov:2004mf,
     author    = "Poluektov, A. and others",
 collaboration = "Belle",
     title     = "{Measurement of phi(3) with Dalitz plot analysis of B+- -->
                  D(*) K+-  decay}",
     journal   = "Phys. Rev.",
     volume    = "D70",
     year      = "2004",
     pages     = "072003",
     eprint    = "hep-ex/0406067",
     archivePrefix = "arXiv",
     doi       = "10.1103/PhysRevD.70.072003",
     SLACcitation  = "%%CITATION = HEP-EX/0406067;%%"
}

@Article{Bondar:2005ki,
     author    = "Bondar, A. and Poluektov, A.",
     title     = "{Feasibility study of model-independent approach to phi(3)
                  measurement  using Dalitz plot analysis}",
     journal   = "Eur. Phys. J.",
     volume    = "C47",
     year      = "2006",
     pages     = "347",
     eprint    = "hep-ph/0510246",
     archivePrefix = "arXiv",
     doi       = "10.1140/epjc/s2006-02590-x",
     SLACcitation  = "%%CITATION = HEP-PH/0510246;%%"
}

@Article{Bondar:2008hh,
     author    = "Bondar, A. and Poluektov, A.",
     title     = "{The use of quantum-correlated D0 decays for phi3
                  measurement}",
     journal   = "Eur. Phys. J.",
     volume    = "C55",
     year      = "2008",
     pages     = "51",
     doi       = "10.1140/epjc/s10052-008-0600-z",
     eprint    = "0801.0840",
     archivePrefix = "arXiv",
     primaryClass  =  "hep-ex",
     SLACcitation  = "%%CITATION = 0801.0840;%%"
}

@Article{Atwood:2003mj,
     author    = "Atwood, David and Soni, Amarjit",
     title     = "{Role of charm factory in extracting CKM-phase information
                  via B --> D  K}",
     journal   = "Phys. Rev.",
     volume    = "D68",
     year      = "2003",
     pages     = "033003",
     eprint    = "hep-ph/0304085",
     archivePrefix = "arXiv",
     doi       = "10.1103/PhysRevD.68.033003",
     SLACcitation  = "%%CITATION = HEP-PH/0304085;%%"
}

@Article{Aubert:2007ii,
     author    = "Aubert, Bernard and others",
 collaboration = "\babar",
     title     = "{Measurement of CP Violation Parameters with a Dalitz Plot
                  Analysis of $B^\pm \to$ D(pi+ $\pi^{-} \pi0$ ) $K^\pm$}",
     journal   = "Phys. Rev. Lett.",
     volume    = "99",
     year      = "2007",
     pages     = "251801",
     eprint    = "hep-ex/0703037",
     archivePrefix = "arXiv",
     doi       = "10.1103/PhysRevLett.99.251801",
     SLACcitation  = "%%CITATION = HEP-EX/0703037;%%"
}

@ArxivOnly{Nayak:2014tea,
      author         = "Nayak, M. and others",
      title          = "{First determination of the CP content of D->pi+pi-pi0
                        and D->K+K-pi0}",
      year           = "2014",
      eprint         = "1410.3964",
      archivePrefix  = "arXiv",
      primaryClass   = "hep-ex",
      SLACcitation   = "%%CITATION = ARXIV:1410.3964;%%",
}

%%% moved Aubert:2007hz to common refs in Summer14.bib

%%% moved Itoh:2005ks to common refs in Summer14.bib

% Acosta:2004gt moved to EndOfYear11.bib

@article{Aaij:2013cma,
      author         = "Aaij, R and others",
      title          = "{Measurement of the polarization amplitudes  in $B^0 \to
                        J/\psi K^{*}(892)^0$ decays}",
      collaboration  = "LHCb",
      journal        = "Phys. Rev.",
      volume         = "D88",
      pages          = "052002",
      doi            = "10.1103/PhysRevD.88.052002",
      year           = "2013",
      eprint         = "1307.2782",
      archivePrefix  = "arXiv",
      primaryClass   = "hep-ex",
      reportNumber   = "CERN-PH-EP-2013-104, LHCB-PAPER-2013-023",
      SLACcitation   = "%%CITATION = ARXIV:1307.2782;%%",
}

@article{Aaij:2013tna,
      author         = "Aaij, R and others",
      title          = "{First measurement of time-dependent $C\!P$ violation in
                        $B^0_s \to K^+K^-$ decays}",
      collaboration  = "LHCb",
      journal        = "JHEP",
      volume         = "10",
      pages          = "183",
      doi            = "10.1007/JHEP10(2013)183",
      year           = "2013",
      eprint         = "1308.1428",
      archivePrefix  = "arXiv",
      primaryClass   = "hep-ex",
      reportNumber   = "CERN-PH-EP-2013-144, LHCB-PAPER-2013-040",
      SLACcitation   = "%%CITATION = ARXIV:1308.1428;%%",
}

@Article{Chen:2006nk,
     author    = "Chen, K. -F. and others",
 collaboration = "Belle",
     title     = "{Observation of time-dependent CP violation in B0 --> eta'
                  K0 decays and improved measurements of CP asymmetries in B0
                  --> Phi K0, K0(S) K0(S) K0(S) and B0 --> J/psi K0 decays}",
     journal   = "Phys. Rev. Lett.",
     volume    = "98",
     year      = "2007",
     pages     = "031802",
     eprint    = "hep-ex/0608039",
     archivePrefix = "arXiv",
     doi       = "10.1103/PhysRevLett.98.031802",
     SLACcitation  = "%%CITATION = HEP-EX/0608039;%%"
}

@ArxivOnly{Santelj:2014sja,
      author         = "Santelj, L. and others",
      title          = "{Measurement of Time-Dependent $CP$ Violation in $B^0\to
                        \eta'K^0$ Decays}",
      collaboration  = "Belle",
      year           = "2014",
      eprint         = "1408.5991",
      archivePrefix  = "arXiv",
      primaryClass   = "hep-ex",
      reportNumber   = "BELLE-PREPRINT-2014-10, KEK-PREPRINT-2014-17",
      SLACcitation   = "%%CITATION = ARXIV:1408.5991;%%",
}

@Article{Abe:2007gj,
     author    = "Sahoo, H. and others",
 collaboration = "Belle",
     title     = "{Measurements of time-dependent CP violation in $B^0 ->
                  psi(2S) K_S$ decays}",
     journal   = "Phys. Rev.",
     volume    = "D77",
     year      = "2008",
     pages     = "091103",
     eprint    = "0708.2604",
     archivePrefix = "arXiv",
     primaryClass  =  "hep-ex",
     doi       = "10.1103/PhysRevD.77.091103",
     SLACcitation  = "%%CITATION = 0708.2604;%%"
}

@Article{:2009yr,
     author    = "Aubert, Bernard and others",
 collaboration = "\babar",
     title     = "{Measurement of Time-Dependent CP Asymmetry in B0->ccbar
                  K(*)0 Decays}",
     journal   = "Phys. Rev.",
     volume    = "D79",
     year      = "2009",
     pages     = "072009",
     eprint    = "0902.1708",
     archivePrefix = "arXiv",
     primaryClass  =  "hep-ex",
     doi       = "10.1103/PhysRevD.79.072009",
     SLACcitation  = "%%CITATION = 0902.1708;%%"
}

@Article{Aubert:2009me,
     author    = "Aubert, Bernard and others",
 collaboration = "\babar",
     title     = "{Time-dependent amplitude analysis of B0 --> K0S pi+ pi-}",
     journal   = "Phys. Rev.",
     volume    = "D80",
     year      = "2009",
     pages     = "112001",
     eprint    = "0905.3615",
     archivePrefix = "arXiv",
     primaryClass  =  "hep-ex",
     doi       = "10.1103/PhysRevD.80.112001",
     SLACcitation  = "%%CITATION = 0905.3615;%%"
}

@Article{Aubert:2003xn,
     author    = "Aubert, Bernard and others",
 collaboration = "\babar",
     title     = "{Measurement of $\sin(2\beta)$ using hadronic $J/\psi$
                  decays}",
     journal   = "Phys. Rev.",
     volume    = "D69",
     year      = "2004",
     pages     = "052001",
     eprint    = "hep-ex/0309039",
     archivePrefix = "arXiv",
     doi       = "10.1103/PhysRevD.69.052001",
     SLACcitation  = "%%CITATION = HEP-EX/0309039;%%"
}

@Article{Barate:2000tf,
     author    = "Barate, R. and others",
 collaboration = "ALEPH",
     title     = "{Study of the CP asymmetry of $B0 \to J/\psi K0_{S}$
                  decays in ALEPH}",
     journal   = "Phys. Lett.",
     volume    = "B492",
     year      = "2000",
     pages     = "259",
     eprint    = "hep-ex/0009058",
     archivePrefix = "arXiv",
     doi       = "10.1016/S0370-2693(00)01091-1",
     SLACcitation  = "%%CITATION = HEP-EX/0009058;%%"
}

@Article{Ackerstaff:1998xz,
     author    = "Ackerstaff, K. and others",
 collaboration = "OPAL",
     title     = "{Investigation of CP violation in $B0 \to J/\psi K0_{S}$
                  decays at LEP}",
     journal   = "Eur. Phys. J.",
     volume    = "C5",
     year      = "1998",
     pages     = "379",
     eprint    = "hep-ex/9801022",
     archivePrefix = "arXiv",
     doi       = "10.1007/s100520050284",
     SLACcitation  = "%%CITATION = HEP-EX/9801022;%%"
}

@Article{Affolder:1999gg,
     author    = "Affolder, Anthony Allen and others",
 collaboration = "CDF",
     title     = "{A measurement of $\sin(2\beta)$ from $B \to J/\psi K0_S$
                  with the {CDF}  detector}",
     journal   = "Phys. Rev.",
     volume    = "D61",
     year      = "2000",
     pages     = "072005",
     eprint    = "hep-ex/9909003",
     archivePrefix = "arXiv",
     doi       = "10.1103/PhysRevD.61.072005",
     SLACcitation  = "%%CITATION = HEP-EX/9909003;%%"
}

@Article{Bona:2005vz,
     author    = "Bona, M. and others",
 collaboration = "UTfit",
     title     = "{The 2004 UTfit Collaboration report on the status of the
                  unitarity  triangle in the standard model}",
     journal   = "JHEP",
     volume    = "07",
     year      = "2005",
     pages     = "028",
     eprint    = "hep-ph/0501199",
     archivePrefix = "arXiv",
     note      = "see also online updates",
     url       = "http://www.utfit.org/",
     SLACcitation  = "%%CITATION = HEP-PH/0501199;%%"
}

@Article{Dunietz:1990cj,
     author    = "Dunietz, Isard and Quinn, Helen R. and Snyder, A. and Toki,
                  W. and Lipkin, Harry J.",
     title     = "{How to extract CP violating asymmetries from angular
                  correlations}",
     journal   = "Phys. Rev.",
     volume    = "D43",
     year      = "1991",
     pages     = "2193",
     doi       = "10.1103/PhysRevD.43.2193",
     SLACcitation  = "%%CITATION = PHRVA,D43,2193;%%"
}

@Article{Suzuki:2001za,
     author    = "Suzuki, Mahiko",
     title     = "{Final-state interactions and $s^-$ quark helicity
                  conservation in $B \to J/\psi K^{*}$}",
     journal   = "Phys. Rev.",
     volume    = "D64",
     year      = "2001",
     pages     = "117503",
     eprint    = "hep-ph/0106354",
     archivePrefix = "arXiv",
     doi       = "10.1103/PhysRevD.64.117503",
     SLACcitation  = "%%CITATION = HEP-PH/0106354;%%"
}

@Article{Aubert:2004cp,
     author    = "Aubert, Bernard and others",
 collaboration = "\babar",
     title     = "{Ambiguity-free measurement of $\cos(2\beta)$: Time-
                  integrated and  time-dependent angular analyses of $B \to
                  J/\psi K \pi$}",
     journal   = "Phys. Rev.",
     volume    = "D71",
     year      = "2005",
     pages     = "032005",
     eprint    = "hep-ex/0411016",
     archivePrefix = "arXiv",
     doi       = "10.1103/PhysRevD.71.032005",
     SLACcitation  = "%%CITATION = HEP-EX/0411016;%%"
}

@Article{Aaltonen:2007he,
     author    = "Aaltonen, T. and others",
 collaboration = "CDF",
     title     = "{First Flavor-Tagged Determination of Bounds on Mixing-
                  Induced CP Violation in $B0_{s} \to J/\psi \phi$ Decays}",
     journal   = "Phys. Rev. Lett.",
     volume    = "100",
     year      = "2008",
     pages     = "161802",
     eprint    = "0712.2397",
     archivePrefix = "arXiv",
     primaryClass  =  "hep-ex",
     doi       = "10.1103/PhysRevLett.100.161802",
     SLACcitation  = "%%CITATION = 0712.2397;%%"
}

@Article{:2008fj,
     author    = "Abazov, V. M. and others",
 collaboration = "\dzero",
     title     = "{Measurement of $B0_{s}$ mixing parameters from the
                  flavor-tagged decay $B0_{s} \to J/\psi \phi$}",
     journal   = "Phys. Rev. Lett.",
     volume    = "101",
     year      = "2008",
     pages     = "241801",
     eprint    = "0802.2255",
     archivePrefix = "arXiv",
     primaryClass  =  "hep-ex",
     doi       = "10.1103/PhysRevLett.101.241801",
     SLACcitation  = "%%CITATION = 0802.2255;%%"
}

@Unpublished{cdfandd0:psiphi,
 collaborations = "CDF and \dzero",
     note      = "CDF note 9787 and \dzero\ note 5928",
     year      = "2009",
     url       = "http://tevbwg.fnal.gov/results/Summer2009_betas/"
}

@Article{Grossman:1996ke,
     author    = "Grossman, Yuval and Worah, Mihir P.",
     title     = "{CP asymmetries in B decays with new physics in decay
                  amplitudes}",
     journal   = "Phys. Lett.",
     volume    = "B395",
     year      = "1997",
     pages     = "241",
     eprint    = "hep-ph/9612269",
     archivePrefix = "arXiv",
     doi       = "10.1016/S0370-2693(97)00068-3",
     SLACcitation  = "%%CITATION = HEP-PH/9612269;%%"
}

@Article{Fleischer:2003ai,
     author    = "Fleischer, Robert",
     title     = "{New, efficient and clean strategies to explore CP
                  violation through  neutral B decays}",
     journal   = "Phys. Lett.",
     volume    = "B562",
     year      = "2003",
     pages     = "234",
     eprint    = "hep-ph/0301255",
     archivePrefix = "arXiv",
     doi       = "10.1016/S0370-2693(03)00582-3",
     SLACcitation  = "%%CITATION = HEP-PH/0301255;%%"
}

@Article{Fleischer:2003aj,
     author    = "Fleischer, Robert",
     title     = "{A closer look at B/d,s --> D f(r) decays and novel avenues
                  to determine  gamma}",
     journal   = "Nucl. Phys.",
     volume    = "B659",
     year      = "2003",
     pages     = "321",
     eprint    = "hep-ph/0301256",
     archivePrefix = "arXiv",
     doi       = "10.1016/S0550-3213(03)00225-6",
     SLACcitation  = "%%CITATION = HEP-PH/0301256;%%"
}

@Article{Aubert:2007mn,
     author    = "Aubert, Bernard and others",
 collaboration = "\babar",
     title     = "{Measurement of the time-dependent CP asymmetry in $B0 \to
                  D^{(*)}$ (CP) h0 decays}",
     journal   = "Phys. Rev. Lett.",
     volume    = "99",
     year      = "2007",
     pages     = "081801",
     eprint    = "hep-ex/0703019",
     archivePrefix = "arXiv",
     doi       = "10.1103/PhysRevLett.99.081801",
     SLACcitation  = "%%CITATION = HEP-EX/0703019;%%"
}

@Article{Bondar:2005gk,
     author    = "Bondar, Alex and Gershon, Tim and Krokovny, Pavel",
     title     = "{A method to measure phi(1) using anti-B0 --> D h0 with
                  multibody D  decay}",
     journal   = "Phys. Lett.",
     volume    = "B624",
     year      = "2005",
     pages     = "1",
     eprint    = "hep-ph/0503174",
     archivePrefix = "arXiv",
     doi       = "10.1016/j.physletb.2005.07.053",
     SLACcitation  = "%%CITATION = HEP-PH/0503174;%%"
}

@Article{Fleischer:1996bv,
     author    = "Fleischer, Robert",
     title     = "{CP violation and the role of electroweak penguins in
                  nonleptonic $B$ decays}",
     journal   = "Int. J. Mod. Phys.",
     volume    = "A12",
     year      = "1997",
     pages     = "2459",
     eprint    = "hep-ph/9612446",
     archivePrefix = "arXiv",
     doi       = "10.1142/S0217751X97001432",
     SLACcitation  = "%%CITATION = HEP-PH/9612446;%%"
}

@Article{London:1997zk,
     author    = "London, David and Soni, Amarjit",
     title     = "{Measuring the CP angle beta in hadronic b --> s penguin
                  decays}",
     journal   = "Phys. Lett.",
     volume    = "B407",
     year      = "1997",
     pages     = "61",
     eprint    = "hep-ph/9704277",
     archivePrefix = "arXiv",
     doi       = "10.1016/S0370-2693(97)00695-3",
     SLACcitation  = "%%CITATION = HEP-PH/9704277;%%"
}

@Article{Ciuchini:1997zp,
     author    = "Ciuchini, Marco and Franco, E. and Martinelli, G. and
                  Masiero, A. and Silvestrini, L.",
     title     = "{CP Violating B Decays in the Standard Model and
                  Supersymmetry}",
     journal   = "Phys. Rev. Lett.",
     volume    = "79",
     year      = "1997",
     pages     = "978",
     eprint    = "hep-ph/9704274",
     archivePrefix = "arXiv",
     doi       = "10.1103/PhysRevLett.79.978",
     SLACcitation  = "%%CITATION = HEP-PH/9704274;%%"
}

@Article{Gershon:2004tk,
     author    = "Gershon, Tim and Hazumi, Masashi",
     title     = "{Time-dependent CP violation in B0 --> P0 P0 X0 decays}",
     journal   = "Phys. Lett.",
     volume    = "B596",
     year      = "2004",
     pages     = "163",
     eprint    = "hep-ph/0402097",
     archivePrefix = "arXiv",
     doi       = "10.1016/j.physletb.2004.06.095",
     SLACcitation  = "%%CITATION = HEP-PH/0402097;%%"
}

@Article{Grossman:2003qp,
     author    = "Grossman, Yuval and Ligeti, Zoltan and Nir, Yosef and
                  Quinn, Helen",
     title     = "{SU(3) relations and the CP asymmetries in B decays to eta'
                  K(S), Phi  K(S) and K+ K- K(S)}",
     journal   = "Phys. Rev.",
     volume    = "D68",
     year      = "2003",
     pages     = "015004",
     eprint    = "hep-ph/0303171",
     archivePrefix = "arXiv",
     doi       = "10.1103/PhysRevD.68.015004",
     SLACcitation  = "%%CITATION = HEP-PH/0303171;%%"
}

@Article{Gronau:2003ep,
     author    = "Gronau, Michael and Rosner, Jonathan L.",
     title     = "{I-spin and U-spin in B --> K K anti-K}",
     journal   = "Phys. Lett.",
     volume    = "B564",
     year      = "2003",
     pages     = "90",
     eprint    = "hep-ph/0304178",
     archivePrefix = "arXiv",
     doi       = "10.1016/S0370-2693(03)00702-0",
     SLACcitation  = "%%CITATION = HEP-PH/0304178;%%"
}

@Article{Gronau:2003kx,
     author    = "Gronau, Michael and Grossman, Yuval and Rosner, Jonathan L.
                  ",
     title     = "{Interpreting the time-dependent CP asymmetry in B0 --> pi0
                  K(S)}",
     journal   = "Phys. Lett.",
     volume    = "B579",
     year      = "2004",
     pages     = "331",
     eprint    = "hep-ph/0310020",
     archivePrefix = "arXiv",
     doi       = "10.1016/j.physletb.2003.11.015",
     SLACcitation  = "%%CITATION = HEP-PH/0310020;%%"
}

@Article{Gronau:2004hp,
     author    = "Gronau, Michael and Rosner, Jonathan L. and Zupan, Jure",
     title     = "{Correlated bounds on CP asymmetries in B0 --> eta' K(S)}",
     journal   = "Phys. Lett.",
     volume    = "B596",
     year      = "2004",
     pages     = "107",
     eprint    = "hep-ph/0403287",
     archivePrefix = "arXiv",
     doi       = "10.1016/j.physletb.2004.06.086",
     SLACcitation  = "%%CITATION = HEP-PH/0403287;%%"
}

@Article{Cheng:2005bg,
     author    = "Cheng, Hai-Yang and Chua, Chun-Khiang and Soni, Amarjit",
     title     = "{Effects of Final-state Interactions on Mixing-induced CP
                  Violation in Penguin-dominated B Decays}",
     journal   = "Phys. Rev.",
     volume    = "D72",
     year      = "2005",
     pages     = "014006",
     eprint    = "hep-ph/0502235",
     archivePrefix = "arXiv",
     doi       = "10.1103/PhysRevD.72.014006",
     SLACcitation  = "%%CITATION = HEP-PH/0502235;%%"
}

@Article{Gronau:2005gz,
     author    = "Gronau, Michael and Rosner, Jonathan L.",
     title     = "{The b --> s penguin amplitude in charmless B --> P P
                  decays}",
     journal   = "Phys. Rev.",
     volume    = "D71",
     year      = "2005",
     pages     = "074019",
     eprint    = "hep-ph/0503131",
     archivePrefix = "arXiv",
     doi       = "10.1103/PhysRevD.71.074019",
     SLACcitation  = "%%CITATION = HEP-PH/0503131;%%"
}

@Article{Buchalla:2005us,
     author    = "Buchalla, Gerhard and Hiller, Gudrun and Nir, Yosef and
                  Raz, Guy",
     title     = "{The pattern of CP asymmetries in b --> s transitions}",
     journal   = "JHEP",
     volume    = "09",
     year      = "2005",
     pages     = "074",
     doi       = "10.1088/1126-6708/2005/09/074",
     eprint    = "hep-ph/0503151",
     archivePrefix = "arXiv",
     SLACcitation  = "%%CITATION = HEP-PH/0503151;%%"
}

@Article{Beneke:2005pu,
     author    = "Beneke, M.",
     title     = "{Corrections to sin(2beta) from CP asymmetries in B0 -->
                  (pi0, rho0,  eta, eta', omega, Phi) K(S) decays}",
     journal   = "Phys. Lett.",
     volume    = "B620",
     year      = "2005",
     pages     = "143",
     eprint    = "hep-ph/0505075",
     archivePrefix = "arXiv",
     doi       = "10.1016/j.physletb.2005.06.045",
     SLACcitation  = "%%CITATION = HEP-PH/0505075;%%"
}

@Article{Engelhard:2005hu,
     author    = "Engelhard, Guy and Nir, Yosef and Raz, Guy",
     title     = "{SU(3) relations and the CP asymmetry in B --> K(S) K(S)
                  K(S)}",
     journal   = "Phys. Rev.",
     volume    = "D72",
     year      = "2005",
     pages     = "075013",
     eprint    = "hep-ph/0505194",
     archivePrefix = "arXiv",
     doi       = "10.1103/PhysRevD.72.075013",
     SLACcitation  = "%%CITATION = HEP-PH/0505194;%%"
}

@Article{Cheng:2005ug,
     author    = "Cheng, Hai-Yang and Chua, Chun-Khiang and Soni, Amarjit",
     title     = "{CP-violating asymmetries in B0 decays to K+ K- K0(S)(L)
                  and K0(S) K0(S)  K0(S)(L)}",
     journal   = "Phys. Rev.",
     volume    = "D72",
     year      = "2005",
     pages     = "094003",
     eprint    = "hep-ph/0506268",
     archivePrefix = "arXiv",
     doi       = "10.1103/PhysRevD.72.094003",
     SLACcitation  = "%%CITATION = HEP-PH/0506268;%%"
}

@Article{Engelhard:2005ky,
     author    = "Engelhard, Guy and Raz, Guy",
     title     = "{Using SU(3) relations to bound the CP asymmetries in B -->
                  K K K  decays}",
     journal   = "Phys. Rev.",
     volume    = "D72",
     year      = "2005",
     pages     = "114017",
     eprint    = "hep-ph/0508046",
     archivePrefix = "arXiv",
     doi       = "10.1103/PhysRevD.72.114017",
     SLACcitation  = "%%CITATION = HEP-PH/0508046;%%"
}

@Article{Gronau:2006qh,
     author    = "Gronau, Michael and Rosner, Jonathan L. and Zupan, Jure",
     title     = "{Updated bounds on CP asymmetries in B0 --> eta' K(S) and
                  B0 --> pi0 K(S)}",
     journal   = "Phys. Rev.",
     volume    = "D74",
     year      = "2006",
     pages     = "093003",
     eprint    = "hep-ph/0608085",
     archivePrefix = "arXiv",
     doi       = "10.1103/PhysRevD.74.093003",
     SLACcitation  = "%%CITATION = HEP-PH/0608085;%%"
}

@Article{Silvestrini:2007yf,
     author    = "Silvestrini, Luca",
     title     = "{Searching for new physics in $b \to s$ hadronic penguin
                  decays}",
     journal   = "Ann. Rev. Nucl. Part. Sci.",
     volume    = "57",
     year      = "2007",
     pages     = "405",
     eprint    = "0705.1624",
     archivePrefix = "arXiv",
     primaryClass  =  "hep-ph",
     doi       = "10.1146/annurev.nucl.57.090506.123007",
     SLACcitation  = "%%CITATION = 0705.1624;%%"
}

@Article{Dutta:2008xw,
     author    = "Dutta, Rupak and Gardner, Susan",
     title     = "{CP Asymmetries in $B \to f_0 K_S$ Decays}",
     journal   = "Phys. Rev.",
     volume    = "D78",
     year      = "2008",
     pages     = "034021",
     eprint    = "0805.1963",
     archivePrefix = "arXiv",
     primaryClass  =  "hep-ph",
     doi       = "10.1103/PhysRevD.78.034021",
     SLACcitation  = "%%CITATION = 0805.1963;%%"
}

@Article{Nakahama:2010nj,
     author    = "Nakahama, Y. and others",
 collaboration = "Belle",
     title     = "{Measurement of CP violating asymmetries in B^0 -> K^+K^-
                  K^0_S decays with a time-dependent Dalitz approach}",
     journal   = "Phys. Rev.",
     volume    = "D82",
     year      = "2010",
     pages     = "073011",
     eprint    = "1007.3848",
     archivePrefix = "arXiv",
     primaryClass  =  "hep-ex",
     doi       = "10.1103/PhysRevD.82.073011",
     SLACcitation  = "%%CITATION = 1007.3848;%%"
}

@Article{:2008se,
     author    = "Aubert, Bernard and others",
 collaboration = "\babar",
     title     = "{Measurement of time dependent CP asymmetry parameters in
                  B0 meson decays to omega K0S, eta'K0, and pi0K0S}",
     journal   = "Phys. Rev.",
     volume    = "D79",
     year      = "2009",
     pages     = "052003",
     eprint    = "0809.1174",
     archivePrefix = "arXiv",
     primaryClass  =  "hep-ex",
     doi       = "10.1103/PhysRevD.79.052003",
     SLACcitation  = "%%CITATION = 0809.1174;%%"
}

@Article{Fujikawa:2008pk,
     author    = "Fujikawa, M. and others",
 collaboration = "Belle",
     title     = "{Measurement of CP asymmetries in $B0 \to K0\pi0$
                  decays}",
     journal   = "Phys. Rev.",
     volume    = "D81",
     year      = "2010",
     pages     = "011101",
     eprint    = "0809.4366",
     archivePrefix = "arXiv",
     primaryClass  =  "hep-ex",
     doi       = "10.1103/PhysRevD.81.011101",
     SLACcitation  = "%%CITATION = 0809.4366;%%"
}

@Article{:2008wwa,
     author    = "Dalseno, J. and others",
 collaboration = "Belle",
     title     = "{Time-dependent Dalitz Plot Measurement of CP Parameters in
                  B0 --> Ks Pi+ Pi- Decays}",
     journal   = "Phys. Rev.",
     volume    = "D79",
     year      = "2009",
     pages     = "072004",
     eprint    = "0811.3665",
     archivePrefix = "arXiv",
     primaryClass  =  "hep-ex",
     doi       = "10.1103/PhysRevD.79.072004",
     SLACcitation  = "%%CITATION = 0811.3665;%%"
}

@Article{Abe:2006gy,
     author    = "Abe, K. and others",
 collaboration = "Belle",
     title     = "{Measurements of time-dependent CP violation in B0 -->
                  omega K0(S),  f0(980) K0(S), K0(S) pi0 and K+ K- K0(S)
                  decays}",
     journal   = "Phys. Rev.",
     volume    = "D76",
     year      = "2007",
     pages     = "091103",
     eprint    = "hep-ex/0609006",
     archivePrefix = "arXiv",
     doi       = "10.1103/PhysRevD.76.091103",
     SLACcitation  = "%%CITATION = HEP-EX/0609006;%%"
}

@article{Chobanova:2013ddr,
      author         = "Chobanova, V. and others",
      title          = "{Measurement of Branching Fractions and CP Asymmetries in
                        B -> wK Decays and First Evidence of CP Violation in B0 ->
                        wKS0}",
      collaboration  = "Belle",
      journal        = "Phys. Rev.",
      volume         = "D90",
      pages          = "012002",
      doi            = "10.1103/PhysRevD.90.012002",
      year           = "2014",
      eprint         = "1311.6666",
      archivePrefix  = "arXiv",
      primaryClass   = "hep-ex",
      reportNumber   = "BELLE-PREPRINT-2013-11, KEK-PREPRINT-2013-21,
                        BELLE-PREPRINT-2013-28, KEK-PREPRINT-2013-56",
      SLACcitation   = "%%CITATION = ARXIV:1311.6666;%%",
}

@Article{Aubert:2007ub,
     author    = "Aubert, Bernard and others",
 collaboration = "\babar",
     title     = "{Measurement of CP Asymmetry in $B0 \to K_s \pi0 \pi0$
                  Decays}",
     journal   = "Phys. Rev.",
     volume    = "D76",
     year      = "2007",
     pages     = "071101",
     eprint    = "hep-ex/0702010",
     archivePrefix = "arXiv",
     doi       = "10.1103/PhysRevD.76.071101",
     SLACcitation  = "%%CITATION = HEP-EX/0702010;%%"
}

@article{Adachi:2012et,
      author         = "Adachi, I. and others",
      collaboration  = "Belle",
      title          = "{Precise measurement of the CP violation parameter
                        $\sin2\phi_1$ in $B^0\to(c\bar c)K^0$ decays}",
      journal        = "Phys. Rev. Lett.",
      volume         = "108",
      pages          = "171802",
      doi            = "10.1103/PhysRevLett.108.171802",
      year           = "2012",
      eprint         = "1201.4643",
      archivePrefix  = "arXiv",
      primaryClass   = "hep-ex",
      SLACcitation   = "%%CITATION = ARXIV:1201.4643;%%",
}

@article{Sato:2012hu,
      author         = "Sato, Y. and others",
      title          = "{Measurement of the CP-violation Parameter sin2$\phi_1$
                        with a New Tagging Method at the $\Upsilon(5S)$
                        Resonance}",
      collaboration  = "Belle",
      journal        = "Phys. Rev. Lett.",
      volume         = "108",
      pages          = "171801",
      doi            = "10.1103/PhysRevLett.108.171801",
      year           = "2012",
      eprint         = "1201.3502",
      archivePrefix  = "arXiv",
      primaryClass   = "hep-ex",
      reportNumber   = "BELLE-PREPRINT-2012-1, KEK-PREPRINT-2011-23",
      SLACcitation   = "%%CITATION = ARXIV:1201.3502;%%",
}

@article{Aaij:2012ke,
      author         = "Aaij, R and others",
      title          = "{Measurement of the time-dependent $CP$ asymmetry in $B^0
                        \to J/\psi K^0_{\rm S}$ decays}",
      collaboration  = "LHCb",
      journal        = "Phys. Lett.",
      volume         = "B721",
      pages          = "24",
      doi            = "10.1016/j.physletb.2013.02.054",
      year           = "2013",
      eprint         = "1211.6093",
      archivePrefix  = "arXiv",
      primaryClass   = "hep-ex",
      reportNumber   = "LHCB-PAPER-2012-035, CERN-PH-EP-2012-331",
      SLACcitation   = "%%CITATION = ARXIV:1211.6093;%%",
}

@ArxivOnly{:2007xd,
     author    = "Abe, K. and others",
 collaboration = "\belle",
     title     = "{Measurements of CP Violation Parameters in B0 -> Kspi0pi0
                  and B0 -> KsKs Decays}",
     year      = "2007",
     eprint    = "0708.1845",
     archivePrefix = "arXiv",
     primaryClass  =  "hep-ex",
     SLACcitation  = "%%CITATION = 0708.1845;%%"
}

@Article{Aubert:2008zza,
     author    = "Aubert, Bernard and others",
 collaboration = "\babar",
     title     = "{Time-dependent and time-integrated angular analysis of
                  $B\to\varphi K^0_S\pi^0$ and $\varphi K^\pm\pi^\mp$}",
     journal   = "Phys. Rev.",
     volume    = "D78",
     year      = "2008",
     pages     = "092008",
     eprint    = "0808.3586",
     archivePrefix = "arXiv",
     primaryClass  =  "hep-ex",
     doi       = "10.1103/PhysRevD.78.092008",
     SLACcitation  = "%%CITATION = 0808.3586;%%"
}

@Article{Aubert:2005ja,
     author    = "Aubert, Bernard and others",
 collaboration = "\babar",
     title     = "{Measurement of CP asymmetries in $B0 \to \phi K0$ and
                  $B0 \to K^+ K^- K0_S$  decays}",
     journal   = "Phys. Rev.",
     volume    = "D71",
     year      = "2005",
     pages     = "091102",
     eprint    = "hep-ex/0502019",
     archivePrefix = "arXiv",
     doi       = "10.1103/PhysRevD.71.091102",
     SLACcitation  = "%%CITATION = HEP-EX/0502019;%%"
}

@Article{Aubert:2007mgb,
     author    = "Aubert, Bernard and others",
 collaboration = "\babar",
     title     = "{Measurement of the CP-violating asymmetries in $B0 \to
                  K0_{S} \pi0$ and of the branching fraction of $B0 \to
                  K0 \pi0$}",
     journal   = "Phys. Rev.",
     volume    = "D77",
     year      = "2008",
     pages     = "012003",
     eprint    = "0707.2980",
     archivePrefix = "arXiv",
     primaryClass  =  "hep-ex",
     doi       = "10.1103/PhysRevD.77.012003",
     SLACcitation  = "%%CITATION = 0707.2980;%%"
}

@article{Raidal:2002ph,
      author         = "Raidal, Martti",
      title          = "{CP asymmetry in B ---&gt; phi K(S) decays in left-right
                        models and its implications on B(s) decays}",
      journal        = "Phys. Rev.Lett.",
      volume         = "89",
      pages          = "231803",
      doi            = "10.1103/PhysRevLett.89.231803",
      year           = "2002",
      eprint         = "hep-ph/0208091",
      archivePrefix  = "arXiv",
      primaryClass   = "hep-ph",
      reportNumber   = "CERN-TH-2002-182",
      SLACcitation   = "%%CITATION = HEP-PH/0208091;%%",
}

@article{Aaij:2014kxa,
      author         = "Aaij, Roel and others",
      title          = "{Measurement of CP violation in $B_s^0 \to \phi \phi$
                        decays}",
      collaboration  = "LHCb",
      journal        = "Phys. Rev.",
      volume         = "D90",
      pages          = "052011",
      doi            = "10.1103/PhysRevD.90.052011",
      year           = "2014",
      eprint         = "1407.2222",
      archivePrefix  = "arXiv",
      primaryClass   = "hep-ex",
      reportNumber   = "CERN-PH-EP-2014-150, LHCB-PAPER-2014-026",
      SLACcitation   = "%%CITATION = ARXIV:1407.2222;%%",
}

@Article{Miyake:2005qb,
     author    = "Miyake, H. and others",
 collaboration = "Belle",
     title     = "{Branching Fraction, Polarization and CP-Violating
                  Asymmetries in B0 -> D*+ D*- Decays}",
     journal   = "Phys. Lett.",
     volume    = "B618",
     year      = "2005",
     pages     = "34",
     eprint    = "hep-ex/0501037",
     archivePrefix = "arXiv",
     doi       = "10.1016/j.physletb.2005.05.052",
     SLACcitation  = "%%CITATION = HEP-EX/0501037;%%"
}

%%% moved Aubert:2008bs to common refs in Summer14.bib

@Article{:2007wd,
     author    = "Lee, S. E. and others",
 collaboration = "Belle",
     title     = "{Improved measurement of time-dependent CP violation in B0
                  -> J/Psi pi0 decays}",
     journal   = "Phys. Rev.",
     volume    = "D77",
     year      = "2008",
     pages     = "071101",
     eprint    = "0708.0304",
     archivePrefix = "arXiv",
     primaryClass  =  "hep-ex",
     doi       = "10.1103/PhysRevD.77.071101",
     SLACcitation  = "%%CITATION = 0708.0304;%%"
}

@Article{Aubert:2008ah,
     author    = "Aubert, Bernard and others",
 collaboration = "\babar",
     title     = "{Measurements of time-dependent CP asymmetries in B0 --->
                  D(*)+ D(*)- decays}",
     journal   = "Phys. Rev.",
     volume    = "D79",
     year      = "2009",
     pages     = "032002",
     eprint    = "0808.1866",
     archivePrefix = "arXiv",
     primaryClass  =  "hep-ex",
     doi       = "10.1103/PhysRevD.79.032002",
     SLACcitation  = "%%CITATION = 0808.1866;%%"
}

%%% moved Rohrken:2012ta to common refs in Summer14.bib

@article{Lees:2012px,
      author         = "Lees, J.~P. and others",
      title          = "{Measurement of the Time-Dependent CP Asymmetry of
                        Partially Reconstructed $B^0\to D^{*+}D^{*-}$ Decays}",
      collaboration  = "\babar",
      journal        = "Phys. Rev.",
      volume         = "D86",
      pages          = "112006",
      doi            = "10.1103/PhysRevD.86.112006",
      year           = "2012",
      eprint         = "1208.1282",
      archivePrefix  = "arXiv",
      primaryClass   = "hep-ex",
      reportNumber   = "SLAC-PUB-15205",
      SLACcitation   = "%%CITATION = ARXIV:1208.1282;%%",
}

%%% moved Kronenbitter:2012ha to common refs in Summer14.bib

@Article{Fratina:2007zk,
     author    = "Fratina, S. and others",
 collaboration = "Belle",
     title     = "{Evidence for CP violation in B0 --> D+ D- decays}",
     journal   = "Phys. Rev. Lett.",
     volume    = "98",
     year      = "2007",
     pages     = "221802",
     eprint    = "hep-ex/0702031",
     archivePrefix = "arXiv",
     doi       = "10.1103/PhysRevLett.98.221802",
     SLACcitation  = "%%CITATION = HEP-EX/0702031;%%"
}

@Article{:2009za,
     author    = "Vervink, K. and others",
 collaboration = "Belle",
     title     = "{Improved measurement of the polarization and time-
                  dependent CP violation in the decay B0 -> D*+ D*-}",
     journal   = "Phys. Rev.",
     volume    = "D80",
     year      = "2009",
     pages     = "111104",
     eprint    = "0901.4057",
     archivePrefix = "arXiv",
     primaryClass  =  "hep-ex",
     doi       = "10.1103/PhysRevD.80.111104",
     SLACcitation  = "%%CITATION = 0901.4057;%%"
}

@Article{Aubert:2006gm,
     author    = "Aubert, Bernard and others",
 collaboration = "\babar",
     title     = "{Observation of $B^{+} \to \bar{K}0 K^{+}$ and $B0 \to
                  K0 \bar{K}0$}",
     journal   = "Phys. Rev. Lett.",
     volume    = "97",
     year      = "2006",
     pages     = "171805",
     eprint    = "hep-ex/0608036",
     archivePrefix = "arXiv",
     doi       = "10.1103/PhysRevLett.97.171805",
     SLACcitation  = "%%CITATION = HEP-EX/0608036;%%"
}

@Article{Nakahama:2007dg,
     author    = "Nakahama, Y. and others",
 collaboration = "Belle",
     title     = "{Measurement of Time-Dependent CP-Violating Parameters in
                  B0 -> K0S K0S decays}",
     journal   = "Phys. Rev. Lett.",
     volume    = "100",
     year      = "2008",
     pages     = "121601",
     eprint    = "0712.4234",
     archivePrefix = "arXiv",
     primaryClass  =  "hep-ex",
     doi       = "10.1103/PhysRevLett.100.121601",
     SLACcitation  = "%%CITATION = 0712.4234;%%"
}

@Article{Aubert:2007qj,
     author    = "Aubert, Bernard and others",
 collaboration = "\babar",
     title     = "{Measurement of The Time-Dependent CP Asymmetry in $B0
                  \to$ K*0 $\gamma$ Decays}",
     year      = "2007",
     eprint    = "0708.1614",
     archivePrefix = "arXiv",
     primaryClass  =  "hep-ex",
     SLACcitation  = "%%CITATION = 0708.1614;%%"
}

@Article{Aubert:2008gy,
     author    = "Aubert, Bernard and others",
 collaboration = "\babar",
     title     = "{Measurement of Time-Dependent CP Asymmetry in $B0 \to
                  K0_{S} \pi0 \gamma$ Decays}",
     journal   = "Phys. Rev.",
     volume    = "D78",
     year      = "2008",
     pages     = "071102",
     eprint    = "0807.3103",
     archivePrefix = "arXiv",
     primaryClass  =  "hep-ex",
     doi       = "10.1103/PhysRevD.78.071102",
     SLACcitation  = "%%CITATION = 0807.3103;%%"
}

@Article{Ushiroda:2006fi,
     author    = "Ushiroda, Y. and others",
 collaboration = "Belle",
     title     = "{Time-dependent CP asymmetries in B0 --> K0(S) pi0 gamma
                  transitions}",
     journal   = "Phys. Rev.",
     volume    = "D74",
     year      = "2006",
     pages     = "111104",
     eprint    = "hep-ex/0608017",
     archivePrefix = "arXiv",
     doi       = "10.1103/PhysRevD.74.111104",
     SLACcitation  = "%%CITATION = HEP-EX/0608017;%%"
}

@Article{Aubert:2008js,
     author    = "Aubert, Bernard and others",
 collaboration = "\babar",
     title     = "{Branching Fractions and CP-Violating Asymmetries in
                  Radiative B Decays to eta K gamma}",
     journal   = "Phys. Rev.",
     volume    = "D79",
     year      = "2009",
     pages     = "011102",
     eprint    = "0805.1317",
     archivePrefix = "arXiv",
     primaryClass  =  "hep-ex",
     doi       = "10.1103/PhysRevD.79.011102",
     SLACcitation  = "%%CITATION = 0805.1317;%%"
}

@Article{Li:2008qma,
     author    = "Li, J. and others",
 collaboration = "Belle",
     title     = "{Time-dependent CP Asymmetries in $B0\to
                  K0_S\rho0\gamma$ Decays}",
     journal   = "Phys. Rev. Lett.",
     volume    = "101",
     year      = "2008",
     pages     = "251601",
     eprint    = "0806.1980",
     archivePrefix = "arXiv",
     primaryClass  =  "hep-ex",
     doi       = "10.1103/PhysRevLett.101.251601",
     SLACcitation  = "%%CITATION = 0806.1980;%%"
}

@ArXivOnly{Akar:2014hda,
      author         = "Akar, Simon",
      collaboration  = "\babar",
      title          = "{Penguin and rare decays in BaBar}",
      year           = "2014",
      eprint         = "1410.6897",
      archivePrefix  = "arXiv",
      primaryClass   = "hep-ex",
      SLACcitation   = "%%CITATION = ARXIV:1410.6897;%%",
      note           = "{Proceedings of BEACH 2014}",
}

@Article{Sahoo:2011zd,
     author    = "Sahoo, H. and others",
 collaboration = "Belle",
     title     = "{First Observation of Radiative B^0 -> \phi K^0 \gamma
                  Decays and Measurements of Their Time-Dependent CP
                  Violation}",
     journal   = "Phys. Rev.",
     volume    = "D84",
     year      = "2011",
     pages     = "071101",
     eprint    = "1104.5590",
     archivePrefix = "arXiv",
     primaryClass  =  "hep-ex",
     doi       = "10.1103/PhysRevD.84.071101",
     SLACcitation  = "%%CITATION = 1104.5590;%%"
}

@article{Ushiroda:2007jf,
      author         = "Ushiroda, Y. and others",
      title          = "{Time-dependent CP-violating asymmetry in B0 ---&gt; rho0
                        gamma decays}",
      collaboration  = "Belle",
      journal        = "Phys. Rev.Lett.",
      volume         = "100",
      pages          = "021602",
      doi            = "10.1103/PhysRevLett.100.021602",
      year           = "2008",
      eprint         = "0709.2769",
      archivePrefix  = "arXiv",
      primaryClass   = "hep-ex",
      SLACcitation   = "%%CITATION = ARXIV:0709.2769;%%",
}

@article{Akar:2013ima,
      author         = "Akar, S",
      title          = "{Study of B -> K pi pi gamma dacays with the Babar
                        Experiment: the photon helicity and the resonant structure
                        of the K pi pi system}",
      year           = "2013",
      note           = "PhD thesis, LPNHE, Universit\'e Pierre et Marie Curie - Paris VI",
      url            = "https://tel.archives-ouvertes.fr/tel-00998252",
      SLACcitation   = "%%CITATION = INSPIRE-1305000;%%",
}

@Article{Aubert:2007nua,
     author    = "Aubert, Bernard and others",
 collaboration = "\babar",
     title     = "{A Study of B0 to rho+rho- Decays and Constraints on the
                  CKM Angle alpha}",
     journal   = "Phys. Rev.",
     volume    = "D76",
     year      = "2007",
     pages     = "052007",
     eprint    = "0705.2157",
     archivePrefix = "arXiv",
     primaryClass  =  "hep-ex",
     doi       = "10.1103/PhysRevD.76.052007",
     SLACcitation  = "%%CITATION = 0705.2157;%%"
}

@Article{Somov:2006sg,
     author    = "Somov, A. and others",
 collaboration = "Belle",
     title     = "{Measurement of the branching fraction, polarization, and
                  CP asymmetry  for B0 --> rho+ rho- decays, and
                  determination of the CKM phase phi(2)}",
     journal   = "Phys. Rev. Lett.",
     volume    = "96",
     year      = "2006",
     pages     = "171801",
     eprint    = "hep-ex/0601024",
     archivePrefix = "arXiv",
     doi       = "10.1103/PhysRevLett.96.171801",
     SLACcitation  = "%%CITATION = HEP-EX/0601024;%%"
}

@Article{Aubert:2006gb,
     author    = "Aubert, Bernard and others",
 collaboration = "\babar",
     title     = "{Measurements of CP-Violating Asymmetries in $B0 \to$ a+-
                  (1) (1260) $\pi^\mp$ decays}",
     journal   = "Phys. Rev. Lett.",
     volume    = "98",
     year      = "2007",
     pages     = "181803",
     eprint    = "hep-ex/0612050",
     archivePrefix = "arXiv",
     doi       = "10.1103/PhysRevLett.98.181803",
     SLACcitation  = "%%CITATION = HEP-EX/0612050;%%"
}

@article{Dalseno:2012hp,
      author         = "Dalseno, J. and others",
      title          = "{Measurement of Branching Fraction and First Evidence of
                        CP Violation in $B^0 \to a_1^{\pm}(1260) \pi^\mp$ Decays}",
      collaboration  = "Belle",
      journal        = "Phys. Rev.",
      volume         = "D86",
      pages          = "092012",
      doi            = "10.1103/PhysRevD.86.092012",
      year           = "2012",
      eprint         = "1205.5957",
      archivePrefix  = "arXiv",
      primaryClass   = "hep-ex",
      reportNumber   = "BELLE-PREPRINT-2012-15, KEK-PREPRINT-2012-7",
      SLACcitation   = "%%CITATION = ARXIV:1205.5957;%%",
}

@Article{Aubert:2009it,
     author    = "Aubert, Bernard and others",
 collaboration = "\babar",
     title     = "{Improved Measurement of $B^+\to\rho^+\rho^0$ and
                  Determination of the Quark-Mixing Phase Angle $\alpha$}",
     journal   = "Phys. Rev. Lett.",
     volume    = "102",
     year      = "2009",
     pages     = "141802",
     eprint    = "0901.3522",
     archivePrefix = "arXiv",
     primaryClass  =  "hep-ex",
     doi       = "10.1103/PhysRevLett.102.141802",
     SLACcitation  = "%%CITATION = 0901.3522;%%"
}

@Article{:2008et,
     author    = "Chiang, C. -C. and others",
 collaboration = "Belle",
     title     = "{Measurement of $B^0\to\pi^+\pi^-\pi^+\pi^-$ Decays and
                  Search for $B^0\to\rho^0\rho^0$}",
     journal   = "Phys. Rev.",
     volume    = "D78",
     year      = "2008",
     pages     = "111102",
     eprint    = "0808.2576",
     archivePrefix = "arXiv",
     primaryClass  =  "hep-ex",
     doi       = "10.1103/PhysRevD.78.111102",
     SLACcitation  = "%%CITATION = 0808.2576;%%"
}

@Article{Gronau:2005kw,
     author    = "Gronau, M. and Zupan, J.",
     title     = "{Weak phase alpha from B0 --> a1(1260)+- pi-+}",
     journal   = "Phys. Rev.",
     volume    = "D73",
     year      = "2006",
     pages     = "057502",
     eprint    = "hep-ph/0512148",
     archivePrefix = "arXiv",
     doi       = "10.1103/PhysRevD.73.057502",
     SLACcitation  = "%%CITATION = HEP-PH/0512148;%%"
}

@Article{:2009ii,
     author    = "Aubert, Bernard and others",
 collaboration = "\babar",
     title     = "{Measurement of branching fractions of B decays to
                  K1(1270)pi and K1(1400)pi and determination of the CKM
                  angle alpha from B0 --> a1(1260)+/- pi-/+}",
     journal   = "Phys. Rev.",
     volume    = "D81",
     year      = "2010",
     pages     = "052009",
     eprint    = "0909.2171",
     archivePrefix = "arXiv",
     primaryClass  =  "hep-ex",
     doi       = "10.1103/PhysRevD.81.052009",
     SLACcitation  = "%%CITATION = 0909.2171;%%"
}

@article{Lees:2012mma,
      author         = "Lees, J.~P. and others",
      title          = "{Measurement of CP Asymmetries and Branching Fractions in
                        Charmless Two-Body $B$-Meson Decays to Pions and Kaons}",
      collaboration  = "\babar",
      journal        = "Phys. Rev.",
      volume         = "D87",
      pages          = "052009",
      doi            = "10.1103/PhysRevD.87.052009",
      year           = "2013",
      eprint         = "1206.3525",
      archivePrefix  = "arXiv",
      primaryClass   = "hep-ex",
      reportNumber   = "SLAC-PUB-15086, BABAR-PUB-12-017",
      SLACcitation   = "%%CITATION = ARXIV:1206.3525;%%",
}

@Article{Ishino:2006if,
     author    = "Ishino, H. and others",
 collaboration = "Belle",
     title     = "{Observation of Direct CP-Violation in B0 ---> pi+ pi-
                  Decays and   Model-Independent Constraints on phi2}",
     journal   = "Phys. Rev. Lett.",
     volume    = "98",
     year      = "2007",
     pages     = "211801",
     eprint    = "hep-ex/0608035",
     archivePrefix = "arXiv",
     doi       = "10.1103/PhysRevLett.98.211801",
     SLACcitation  = "%%CITATION = HEP-EX/0608035;%%"
}

@article{Adachi:2013mae,
      author         = "Adachi, I. and others",
      title          = "{Measurement of the CP Violation Parameters in B0 -> pi+
                        pi- Decays}",
      collaboration  = "Belle",
      journal        = "Phys. Rev.",
      volume         = "D88",
      pages          = "092003",
      doi            = "10.1103/PhysRevD.88.092003",
      year           = "2013",
      eprint         = "1302.0551",
      archivePrefix  = "arXiv",
      primaryClass   = "hep-ex",
      reportNumber   = "BELLE-CONF-1211, BELLE-PREPRINT-2013-11,
                        KEK-PREPRINT-2013-21",
      SLACcitation   = "%%CITATION = ARXIV:1302.0551;%%",
}

@Article{Abe:2007ez,
     author    = "Somov, A. and others",
 collaboration = "Belle",
     title     = "{Improved measurement of CP-violating parameters in
                  rho+rho- decays}",
     journal   = "Phys. Rev.",
     volume    = "D76",
     year      = "2007",
     pages     = "011104",
     eprint    = "hep-ex/0702009",
     archivePrefix = "arXiv",
     doi       = "10.1103/PhysRevD.76.011104",
     SLACcitation  = "%%CITATION = HEP-EX/0702009;%%"
}

@Article{:2008iha,
     author    = "Aubert, Bernard and others",
 collaboration = "\babar",
     title     = "{Measurement of the Branching Fraction, Polarization, and
                  CP Asymmetries in $B0 \to \rho0 \rho0$ Decay, and
                  Implications for the CKM Angle $\alpha$}",
     journal   = "Phys. Rev.",
     volume    = "D78",
     year      = "2008",
     pages     = "071104",
     eprint    = "0807.4977",
     archivePrefix = "arXiv",
     primaryClass  =  "hep-ex",
     doi       = "10.1103/PhysRevD.78.071104",
     SLACcitation  = "%%CITATION = 0807.4977;%%"
}

@article{Lees:2013nwa,
      author         = "Lees, J.~P. and others",
      title          = "{Measurement of CP-violating asymmetries in $B^0 \to
                        (\rho \pi)^0$ decays using a time-dependent Dalitz plot
                        analysis}",
      collaboration  = "\babar",
      journal        = "Phys. Rev.",
      volume         = "D88",
      pages          = "012003",
      doi            = "10.1103/PhysRevD.88.012003",
      year           = "2013",
      eprint         = "1304.3503",
      archivePrefix  = "arXiv",
      primaryClass   = "hep-ex",
      reportNumber   = "BABAR-PUB-12-026, SLAC-PUB-15425",
      SLACcitation   = "%%CITATION = ARXIV:1304.3503;%%",
}

@Article{Gronau:1990ka,
     author    = "Gronau, Michael and London, David",
     title     = "{Isospin analysis of CP asymmetries in B decays}",
     journal   = "Phys. Rev. Lett.",
     volume    = "65",
     year      = "1990",
     pages     = "3381",
     doi       = "10.1103/PhysRevLett.65.3381",
     SLACcitation  = "%%CITATION = PRLTA,65,3381;%%"
}

@Article{Snyder:1993mx,
     author    = "Snyder, Arthur E. and Quinn, Helen R.",
     title     = "{Measuring CP asymmetry in B $\to$ rho pi decays without
                  ambiguities}",
     journal   = "Phys. Rev.",
     volume    = "D48",
     year      = "1993",
     pages     = "2139",
     doi       = "10.1103/PhysRevD.48.2139",
     SLACcitation  = "%%CITATION = PHRVA,D48,2139;%%"
}

@Article{Aubert:2007hh,
     author    = "Aubert, Bernard and others",
 collaboration = "\babar",
     title     = "{Study of $B0 \to \pi0 \pi0$, $B^\pm \to \pi^\pm \pi0$,
                  and $B^\pm \to K^\pm \pi0$ Decays, and Isospin Analysis of
                  $B \to \pi \pi$ Decays}",
     journal   = "Phys. Rev.",
     volume    = "D76",
     year      = "2007",
     pages     = "091102",
     eprint    = "0707.2798",
     archivePrefix = "arXiv",
     primaryClass  =  "hep-ex",
     doi       = "10.1103/PhysRevD.76.091102",
     SLACcitation  = "%%CITATION = 0707.2798;%%"
}

@Article{Lipkin:1991st,
     author    = "Lipkin, Harry J. and Nir, Yosef and Quinn, Helen R. and
                  Snyder, A.",
     title     = "{Penguin trapping with isospin analysis and CP asymmetries
                  in B decays}",
     journal   = "Phys. Rev.",
     volume    = "D44",
     year      = "1991",
     pages     = "1454",
     doi       = "10.1103/PhysRevD.44.1454",
     SLACcitation  = "%%CITATION = PHRVA,D44,1454;%%"
}

@Article{Ronga:2006hv,
     author    = "Ronga, F. J. and others",
 collaboration = "Belle",
     title     = "{Measurements of CP violation in B0 --> D*- pi+ and B0 -->
                  D- pi+  decays}",
     journal   = "Phys. Rev.",
     volume    = "D73",
     year      = "2006",
     pages     = "092003",
     eprint    = "hep-ex/0604013",
     archivePrefix = "arXiv",
     doi       = "10.1103/PhysRevD.73.092003",
     SLACcitation  = "%%CITATION = HEP-EX/0604013;%%"
}

@article{Bahinipati:2011yq,
      author         = "Bahinipati, S. and others",
      title          = "{Measurements of time-dependent CP asymmetries in $B \to
                        D^{*\mp} \pi^{\pm}$ decays using a partial reconstruction
                        technique}",
      collaboration  = "Belle",
      journal        = "Phys. Rev.",
      volume         = "D84",
      pages          = "021101",
      doi            = "10.1103/PhysRevD.84.021101",
      year           = "2011",
      eprint         = "1102.0888",
      archivePrefix  = "arXiv",
      primaryClass   = "hep-ex",
      reportNumber   = "BELLE-PREPRINT-2011-1, KEK-PREPRINT-2010-49",
      SLACcitation   = "%%CITATION = ARXIV:1102.0888;%%",
}

@Article{Aubert:2007qe,
     author    = "Aubert, Bernard and others",
 collaboration = "\babar",
     title     = "{Time-dependent Dalitz plot analysis of $B^0 \to D^\mp K^0$
                  Pi+- decays}",
     journal   = "Phys. Rev.",
     volume    = "D77",
     year      = "2008",
     pages     = "071102",
     eprint    = "0712.3469",
     archivePrefix = "arXiv",
     primaryClass  =  "hep-ex",
     doi       = "10.1103/PhysRevD.77.071102",
     SLACcitation  = "%%CITATION = 0712.3469;%%"
}

@article{Dunietz:1987bv,
      author         = "Dunietz, Isard and Sachs, Robert G.",
      title          = "{Asymmetry Between Inclusive Charmed and Anticharmed
                        Modes in B0, Anti-b0 Decay as a Measure of {CP}
                        Violation}",
      journal        = "Phys. Rev.",
      volume         = "D37",
      pages          = "3186",
      doi            = "10.1103/PhysRevD.37.3186, 10.1103/PhysRevD.39.3515",
      year           = "1988",
      reportNumber   = "EFI-87-84-CHICAGO",
      SLACcitation   = "%%CITATION = PHRVA,D37,3186;%%",
}

@article{Aleksan:1991nh,
      author         = "Aleksan, Roy and Dunietz, Isard and Kayser, Boris",
      title          = "{Determining the CP violating phase gamma}",
      journal        = "Z. Phys.",
      volume         = "C54",
      pages          = "653",
      doi            = "10.1007/BF01559494",
      year           = "1992",
      reportNumber   = "CERN-TH-6238-91",
      SLACcitation   = "%%CITATION = ZEPYA,C54,653;%%",
}

@article{Aaij:2014fba,
      author         = "Aaij, Roel and others",
      title          = "{Measurement of CP asymmetry in $B^0_s \rightarrow
                        D^{\mp}_s K^{\pm}$ decays}",
      collaboration  = "LHCb",
      year           = "2014",
      eprint         = "1407.6127",
      archivePrefix  = "arXiv",
      primaryClass   = "hep-ex",
      reportNumber   = "LHCB-PAPER-2014-038, CERN-PH-EP-2014-168",
      SLACcitation   = "%%CITATION = ARXIV:1407.6127;%%",
}

%%% moved Aubert:2004hu to common refs in Summer14.bib

@Article{:2008yk,
     author    = "Aubert, Bernard and others",
 collaboration = "\babar",
     title     = "{Measurement of CP observables in $B^\pm \to D0_{CP}
                  K^\pm$ decays}",
     journal   = "Phys. Rev.",
     volume    = "D77",
     year      = "2008",
     pages     = "111102",
     eprint    = "0802.4052",
     archivePrefix = "arXiv",
     primaryClass  =  "hep-ex",
     doi       = "10.1103/PhysRevD.77.111102",
     SLACcitation  = "%%CITATION = 0802.4052;%%"
}

@Article{Abe:2006hc,
     author    = "Abe, K. and others",
 collaboration = "Belle",
     title     = "{Study of $B+- --> D_CP K+-$ and $D^*_CP K+-$ decays}",
     journal   = "Phys. Rev.",
     volume    = "D73",
     year      = "2006",
     pages     = "051106",
     eprint    = "hep-ex/0601032",
     archivePrefix = "arXiv",
     doi       = "10.1103/PhysRevD.73.051106",
     SLACcitation  = "%%CITATION = HEP-EX/0601032;%%"
}

@Article{delAmoSanchez:2010ji,
     author    = "del Amo Sanchez, P. and others",
 collaboration = "\babar",
     title     = "{Measurement of CP observables in B+- --> D_CP K+- decays
                  and constraints on the CKM angle gamma}",
     journal   = "Phys. Rev.",
     volume    = "D82",
     year      = "2010",
     pages     = "072004",
     eprint    = "1007.0504",
     archivePrefix = "arXiv",
     primaryClass  =  "hep-ex",
     doi       = "10.1103/PhysRevD.82.072004",
     SLACcitation  = "%%CITATION = 1007.0504;%%"
}

@Unpublished{belle:glwads:prelim,
      collaboration  = "Belle",
      note           = "{see T.~Gershon, in Proceedings of the Lepton Photon 2011 Conference, to appear in Pramana, available at \href{http://arxiv.org/abs/1112.1984}{{\tt arXiv:1112.1984 [hep-ex]}}}"
}

@ArxivOnly{Trabelsi:2013uj,
      author         = "Trabelsi, K.",
      title          = "{Study of direct CP in charmed B decays and measurement
                        of the CKM angle gamma at Belle}",
      collaboration  = "Belle",
      year           = "2013",
      eprint         = "1301.2033",
      archivePrefix  = "arXiv",
      primaryClass   = "hep-ex",
      SLACcitation   = "%%CITATION = ARXIV:1301.2033;%%",
      note           = "{Proceedings of CKM2012}",
}

@Article{Aaltonen:2009hz,
     author    = "Aaltonen, T. and others",
 collaboration = "CDF",
     title     = "{Measurements of branching fraction ratios and CP
                  asymmetries in $B+/- ->D_CP K+/-$ decays in hadron
                  collisions}",
     journal   = "Phys. Rev.",
     volume    = "D81",
     year      = "2010",
     pages     = "031105",
     eprint    = "0911.0425",
     archivePrefix = "arXiv",
     primaryClass  =  "hep-ex",
     doi       = "10.1103/PhysRevD.81.031105",
     SLACcitation  = "%%CITATION = 0911.0425;%%"
}

@article{Aaij:2012kz,
      author         = "Aaij, R. and others",
      title          = "{Observation of CP violation in B+ to DK+ decays}",
      collaboration  = "LHCb",
      journal        = "Phys. Lett.",
      volume         = "B712",
      pages          = "203",
      year           = "2012",
      eprint         = "1203.3662",
      doi            = "10.1016/j.physletb.2012.04.060",
      archivePrefix  = "arXiv",
      primaryClass   = "hep-ex",
      reportNumber   = "LHCB-PAPER-2012-001, CERN-PH-EP-2012-071",
      note           = "Erratum ibid. \href{http://dx.doi.org/10.1016/j.physletb.2012.05.060}{{\bf B713} (2012) 351}",
      SLACcitation   = "%%CITATION = ARXIV:1203.3662;%%",
}

@Article{:2008jd,
     author    = "Aubert, Bernard and others",
 collaboration = "\babar",
     title     = "{Measurement of Ratios of Branching Fractions and CP-
                  Violating Asymmetries of $B^\pm \to D^{*} K^\pm$ Decays}",
     journal   = "Phys. Rev.",
     volume    = "D78",
     year      = "2008",
     pages     = "092002",
     eprint    = "0807.2408",
     archivePrefix = "arXiv",
     primaryClass  =  "hep-ex",
     doi       = "10.1103/PhysRevD.78.092002",
     SLACcitation  = "%%CITATION = 0807.2408;%%"
}

@Article{Aubert:2009yw,
     author    = "Aubert, Bernard and others",
 collaboration = "\babar",
     title     = "{Measurement of CP violation observables and parameters for
                  the decays $B^{\pm}\to D K^{*\pm}$}",
     journal   = "Phys. Rev.",
     volume    = "D80",
     year      = "2009",
     pages     = "092001",
     eprint    = "0909.3981",
     archivePrefix = "arXiv",
     primaryClass  =  "hep-ex",
     doi       = "10.1103/PhysRevD.80.092001",
     SLACcitation  = "%%CITATION = 0909.3981;%%"
}

@ArxivOnly{Abe:2003rg,
     author    = "Abe, K. and others",
 collaboration = "Belle",
     title     = "{Observation of B+- --> D(CP) K*+- decays}",
     year      = "2003",
     eprint    = "hep-ex/0307074",
     archivePrefix = "arXiv",
     SLACcitation  = "%%CITATION = HEP-EX/0307074;%%"
}

@Article{Bondar:2004bi,
     author    = "Bondar, Alex and Gershon, Tim",
     title     = "{On phi(3) measurements using B- --> D* K- decays}",
     journal   = "Phys. Rev.",
     volume    = "D70",
     year      = "2004",
     pages     = "091503",
     eprint    = "hep-ph/0409281",
     archivePrefix = "arXiv",
     doi       = "10.1103/PhysRevD.70.091503",
     SLACcitation  = "%%CITATION = HEP-PH/0409281;%%"
}

@Unpublished{LHCb-CONF-2012-021,
      title         = "{First observation of $B^-\to D^0 K^-\pi^+\pi^-$ Decays to
                       CP even final states}",
      collaboration = "LHCb",
      year          = "2012",
      note          = "LHCb-CONF-2012-021",
      url           = "https://cds.cern.ch/record/1456295?ln=en",
}

@Article{delAmoSanchez:2010dz,
     author    = "del Amo Sanchez, P. and others",
 collaboration = "\babar",
     title     = "{Search for b-->u transitions in B- --> DK- and B- --> D*K-
                  Decays}",
     journal   = "Phys. Rev.",
     volume    = "D82",
     year      = "2010",
     pages     = "072006",
     eprint    = "1006.4241",
     archivePrefix = "arXiv",
     primaryClass  =  "hep-ex",
     doi       = "10.1103/PhysRevD.82.072006",
     SLACcitation  = "%%CITATION = 1006.4241;%%"
}

@Article{:2008as,
     author    = "Horii, Y. and others",
 collaboration = "Belle",
     title     = "{Study of the Suppressed B meson Decay $B^- -> D K^-$, $D ->
                  K^+ \pi^-$}",
     journal   = "Phys. Rev.",
     volume    = "D78",
     year      = "2008",
     pages     = "071901",
     eprint    = "0804.2063",
     archivePrefix = "arXiv",
     primaryClass  =  "hep-ex",
     doi       = "10.1103/PhysRevD.78.071901",
     SLACcitation  = "%%CITATION = 0804.2063;%%"
}

@Article{Belle:2011ac,
     author    = "Horii, Y. and others",
 collaboration = "Belle",
     title     = "{Evidence for the Suppressed Decay B- -> DK-, D -> K+pi-}",
     journal   = "Phys. Rev. Lett.",
     volume    = "106",
     year      = "2011",
     pages     = "231803",
     eprint    = "1103.5951",
     archivePrefix = "arXiv",
     primaryClass  =  "hep-ex",
     doi       = "10.1103/PhysRevLett.106.231803",
     SLACcitation  = "%%CITATION = 1103.5951;%%"
}

@Article{Aaltonen:2011uu,
     author    = "Aaltonen, T. and others",
 collaboration = "CDF",
     title     = "{Measurements of branching fraction ratios and CP-
                  asymmetries in suppressed B^- -> D(-> K^+ pi^-)K^- and B^-
                  -> D(-> K^+ pi^-)pi^- decays}",
     journal   = "Phys. Rev.",
     volume    = "D84",
     year      = "2011",
     pages     = "091504",
     eprint    = "1108.5765",
     archivePrefix = "arXiv",
     primaryClass  =  "hep-ex",
     doi       = "10.1103/PhysRevD.84.091504",
     SLACcitation  = "%%CITATION = 1108.5765;%%"
}

@Article{Aubert:2007nu,
     author    = "Aubert, Bernard and others",
 collaboration = "\babar",
     title     = "{Search for $B \to u$ transitions in $B^{-} \to$ [ $K^{+}
                  \pi^{-} \pi0$ ] ($D$) $K^{-}$}",
     journal   = "Phys. Rev.",
     volume    = "D76",
     year      = "2007",
     pages     = "111101",
     eprint    = "0708.0182",
     archivePrefix = "arXiv",
     primaryClass  =  "hep-ex",
     doi       = "10.1103/PhysRevD.76.111101",
     SLACcitation  = "%%CITATION = 0708.0182;%%"
}

@Article{Lees:2011up,
     author    = "Lees, J.~P. and others",
 collaboration = "\babar",
     title     = "{Search for b --> u Transitions in B^{+-} --> [K^{-+}
                  pi^{+-} pi0]_D K^{+-} Decays}",
     journal   = "Phys. Rev.",
     volume    = "D84",
     year      = "2011",
     pages     = "012002",
     eprint    = "1104.4472",
     archivePrefix = "arXiv",
     primaryClass  =  "hep-ex",
     doi       = "10.1103/PhysRevD.84.012002",
     SLACcitation  = "%%CITATION = 1104.4472;%%"
}

@article{Nayak:2013tgg,
      author         = "Nayak, M. and others",
      title          = "{Evidence for the suppressed decay $B^-$→$DK^-$,
                        D→$K^+π^-π^0$}",
      collaboration  = "Belle",
      journal        = "Phys. Rev.",
      volume         = "D88",
      pages          = "091104",
      doi            = "10.1103/PhysRevD.88.091104",
      year           = "2013",
      eprint         = "1310.1741",
      archivePrefix  = "arXiv",
      primaryClass   = "hep-ex",
      reportNumber   = "BELLE-PREPRINT-2013-24, KEK-PREPRINT-2013-37",
      SLACcitation   = "%%CITATION = ARXIV:1310.1741;%%",
}

@article{Aaij:2013mba,
      author         = "Aaij, R and others",
      title          = "{Observation of the suppressed ADS modes $B^\pm \to
                        [\pi^\pm K^\mp \pi^+\pi^-]_D K^\pm$ and $B^\pm \to
                        [\pi^\pm K^\mp \pi^+\pi^-]_D \pi^\pm$}",
      collaboration  = "LHCb",
      journal        = "Phys. Lett.",
      volume         = "B723",
      pages          = "44",
      doi            = "10.1016/j.physletb.2013.05.009",
      year           = "2013",
      eprint         = "1303.4646",
      archivePrefix  = "arXiv",
      primaryClass   = "hep-ex",
      reportNumber   = "CERN-PH-EP-2013-038, LHCB-PAPER-2012-055",
      SLACcitation   = "%%CITATION = ARXIV:1303.4646;%%",
}

@Article{:2009au,
     author    = "Aubert, Bernard and others",
 collaboration = "\babar",
     title     = "{Search for b-> u transitions in B0 -> D0 K*0 decays}",
     journal   = "Phys. Rev.",
     volume    = "D80",
     year      = "2009",
     pages     = "031102",
     eprint    = "0904.2112",
     archivePrefix = "arXiv",
     primaryClass  =  "hep-ex",
     doi       = "10.1103/PhysRevD.80.031102",
     SLACcitation  = "%%CITATION = 0904.2112;%%"
}

@article{Briere:2009aa,
      author         = "Briere, Roy A. and others",
      title          = "{First model-independent determination of the relative
                        strong phase between D0 and anti-D0 ---&gt; K0(S) pi+ pi-
                        and its impact on the CKM Angle gamma/phi(3) measurement}",
      collaboration  = "CLEO",
      journal        = "Phys. Rev.",
      volume         = "D80",
      pages          = "032002",
      doi            = "10.1103/PhysRevD.80.032002",
      year           = "2009",
      eprint         = "0903.1681",
      archivePrefix  = "arXiv",
      primaryClass   = "hep-ex",
      reportNumber   = "CLNS-08-2042, CLEO-08-24",
      SLACcitation   = "%%CITATION = ARXIV:0903.1681;%%",
}

@article{Libby:2010nu,
      author         = "Libby, J. and others",
      title          = "{Model-independent determination of the strong-phase
                        difference between $D^0$ and $\bar{D}^0 \to K^0_{S,L} h^+
                        h^-$ ($h=\pi,K$) and its impact on the measurement of the
                        CKM angle $\gamma/\phi_3$}",
      collaboration  = "CLEO",
      journal        = "Phys. Rev.",
      volume         = "D82",
      pages          = "112006",
      doi            = "10.1103/PhysRevD.82.112006",
      year           = "2010",
      eprint         = "1010.2817",
      archivePrefix  = "arXiv",
      primaryClass   = "hep-ex",
      reportNumber   = "CLNS-10-2070, CLEO-10-07",
      SLACcitation   = "%%CITATION = ARXIV:1010.2817;%%",
}

@Article{Lowery:2009id,
     author    = "Lowrey, N. and others",
 collaboration = "CLEO",
     title     = "{Determination of the D0 -> K-pi+pi0 and D0 -> K-pi+pi+pi-
                  Coherence Factors and Average Strong-Phase Differences
                  Using Quantum-Correlated Measurements}",
     journal   = "Phys. Rev.",
     volume    = "D80",
     year      = "2009",
     pages     = "031105",
     eprint    = "0903.4853",
     archivePrefix = "arXiv",
     primaryClass  =  "hep-ex",
     doi       = "10.1103/PhysRevD.80.031105",
     SLACcitation  = "%%CITATION = 0903.4853;%%"
}

@article{Insler:2012pm,
      author         = "Insler, J. and others",
      title          = "{Studies of the decays $D^0 \rightarrow K_S^0K^-\pi^+$
                        and $D^0 \rightarrow K_S^0K^+\pi^-$}",
      collaboration  = "CLEO",
      journal        = "Phys. Rev.",
      volume         = "D85",
      pages          = "092016",
      doi            = "10.1103/PhysRevD.85.092016",
      year           = "2012",
      eprint         = "1203.3804",
      archivePrefix  = "arXiv",
      primaryClass   = "hep-ex",
      reportNumber   = "CLNS-11-2081, CLEO-11-07",
      SLACcitation   = "%%CITATION = ARXIV:1203.3804;%%",
}

@article{Grossman:2002aq,
      author         = "Grossman, Yuval and Ligeti, Zoltan and Soffer, Abner",
      title          = "{Measuring gamma in B+- ---&gt; K+- (KK*)(D) decays}",
      journal        = "Phys. Rev.",
      volume         = "D67",
      pages          = "071301",
      doi            = "10.1103/PhysRevD.67.071301",
      year           = "2003",
      eprint         = "hep-ph/0210433",
      archivePrefix  = "arXiv",
      primaryClass   = "hep-ph",
      reportNumber   = "LBNL-51630, CSUHEP-02-02",
      SLACcitation   = "%%CITATION = HEP-PH/0210433;%%",
}

%%% moved Krokovny:2002ua to common refs in Summer14.bib

@article{Negishi:2012uxa,
      author         = "Negishi, K. and others",
      title          = "{Search for the decay $B^0\to DK^{*0}$ followed by $D\to
                        K^-\pi^+$}",
      collaboration  = "Belle",
      journal        = "Phys. Rev.",
      volume         = "D86",
      pages          = "011101",
      doi            = "10.1103/PhysRevD.86.011101",
      year           = "2012",
      eprint         = "1205.0422",
      archivePrefix  = "arXiv",
      primaryClass   = "hep-ex",
      SLACcitation   = "%%CITATION = ARXIV:1205.0422;%%",
}

@ArxivOnly{Aaij:2014eha,
      author         = "Aaij, Roel and others",
      title          = "{Measurement of $CP$ violation parameters in $B^0 \to D
                        K^{*0}$ decays}",
      collaboration  = "LHCb",
      year           = "2014",
      eprint         = "1407.8136",
      archivePrefix  = "arXiv",
      primaryClass   = "hep-ex",
      reportNumber   = "LHCB-PAPER-2014-028, CERN-PH-EP-2014-182",
      SLACcitation   = "%%CITATION = ARXIV:1407.8136;%%",
}

@Article{Aubert:2006am,
     author    = "Aubert, Bernard and others",
 collaboration = "\babar",
     title     = "{Measurement of the CKM angle $\gamma$ in $B^\mp \to
                  D^{(*)} K^\mp$ decays with a Dalitz analysis of $D0 \to
                  K0_S \pi^{-} \pi^{+}$}",
     year      = "2006",
     eprint    = "hep-ex/0607104",
     archivePrefix = "arXiv",
     SLACcitation  = "%%CITATION = HEP-EX/0607104;%%"
}

@Article{Poluektov:2006ia,
     author    = "Poluektov, A. and others",
 collaboration = "Belle",
     title     = "{Measurement of phi(3) with Dalitz plot analysis of B+ -->
                  D(*) K(*)+  decay}",
     journal   = "Phys. Rev.",
     volume    = "D73",
     year      = "2006",
     pages     = "112009",
     eprint    = "hep-ex/0604054",
     archivePrefix = "arXiv",
     doi       = "10.1103/PhysRevD.73.112009",
     SLACcitation  = "%%CITATION = HEP-EX/0604054;%%"
}

@article{Aaij:2014iba,
      author         = "Aaij, Roel and others",
      title          = "{Measurement of $CP$ violation and constraints on the CKM
                        angle $\gamma$ in $B^{\pm}\rightarrow D K^{\pm}$ with $D
                        \rightarrow K_S^0 \pi^+ \pi^-$ decays}",
      collaboration  = "LHCb",
      journal        = "Nucl. Phys.",
      volume         = "B888",
      pages          = "169",
      doi            = "10.1016/j.nuclphysb.2014.09.015",
      year           = "2014",
      eprint         = "1407.6211",
      archivePrefix  = "arXiv",
      primaryClass   = "hep-ex",
      reportNumber   = "LHCB-PAPER-2014-017, CERN-PH-EP-2014-166",
      SLACcitation   = "%%CITATION = ARXIV:1407.6211;%%",
}

@Article{Gronau:2002mu,
     author    = "Gronau, Michael",
     title     = "{Improving bounds on gamma in B+- --> D K+- and B+-,0 --> D
                  X/s+-,0}",
     journal   = "Phys. Lett.",
     volume    = "B557",
     year      = "2003",
     pages     = "198",
     eprint    = "hep-ph/0211282",
     archivePrefix = "arXiv",
     doi       = "10.1016/S0370-2693(03)00192-8",
     SLACcitation  = "%%CITATION = HEP-PH/0211282;%%"
}

@article{Gershon:2008pe,
      author         = "Gershon, Tim",
      title          = "{On the Measurement of the Unitarity Triangle Angle
                        $\gamma$ from $B^0 \to$ DK*0 Decays}",
      journal        = "Phys. Rev.",
      volume         = "D79",
      pages          = "051301",
      doi            = "10.1103/PhysRevD.79.051301",
      year           = "2009",
      eprint         = "0810.2706",
      archivePrefix  = "arXiv",
      primaryClass   = "hep-ph",
      SLACcitation   = "%%CITATION = ARXIV:0810.2706;%%",
}

@article{Gershon:2009qc,
      author         = "Gershon, Tim and Williams, Mike",
      title          = "{Prospects for the Measurement of the Unitarity Triangle
                        Angle gamma from B0 ---&gt; DK+ pi- Decays}",
      journal        = "Phys. Rev.",
      volume         = "D80",
      pages          = "092002",
      doi            = "10.1103/PhysRevD.80.092002",
      year           = "2009",
      eprint         = "0909.1495",
      archivePrefix  = "arXiv",
      primaryClass   = "hep-ph",
      SLACcitation   = "%%CITATION = ARXIV:0909.1495;%%",
}

@Article{Aubert:2008bd,
     author    = "Aubert, Bernard and others",
 collaboration = "\babar",
     title     = "{Improved measurement of the CKM angle $\gamma$ in $B^\mp
                  \to D^{(*)} K^{(*\mp)}$ decays with a Dalitz plot analysis
                  of $D$ decays to $K0_{S} \pi^{+} \pi^{-)}$ and $K0_{S}
                  K^{+} K^{-)}$}",
     journal   = "Phys. Rev.",
     volume    = "D78",
     year      = "2008",
     pages     = "034023",
     eprint    = "0804.2089",
     archivePrefix = "arXiv",
     primaryClass  =  "hep-ex",
     doi       = "10.1103/PhysRevD.78.034023",
     SLACcitation  = "%%CITATION = 0804.2089;%%"
}

@article{Poluektov:2010wz,
      author         = "Poluektov, A. and others",
      title          = "{Evidence for direct CP violation in the decay
                        B-&gt;D(*)K, D-&gt;KsPi+Pi- and measurement of the CKM
                        phase phi3}",
      collaboration  = "Belle",
      journal        = "Phys. Rev.",
      volume         = "D81",
      pages          = "112002",
      doi            = "10.1103/PhysRevD.81.112002",
      year           = "2010",
      eprint         = "1003.3360",
      archivePrefix  = "arXiv",
      primaryClass   = "hep-ex",
      reportNumber   = "BELLE-PREPRINT-2010-4",
      SLACcitation   = "%%CITATION = ARXIV:1003.3360;%%",
}

@Article{Aubert:2008yn,
     author    = "Aubert, Bernard and others",
 collaboration = "\babar",
     title     = "{Constraints on the CKM angle $\gamma$ in $B^0 \to
                  \bar{D}^0 (D^0) K^{*0}$ with a Dalitz analysis of $D^0 \to
                  K_S \pi^+ \pi^-$}",
     journal   = "Phys. Rev.",
     volume    = "D79",
     year      = "2009",
     pages     = "072003",
     eprint    = "0805.2001",
     archivePrefix = "arXiv",
     primaryClass  =  "hep-ex",
     doi       = "10.1103/PhysRevD.79.072003",
     SLACcitation  = "%%CITATION = 0805.2001;%%"
}

@Article{delAmoSanchez:2010rq,
     author    = "del Amo Sanchez, P. and others",
 collaboration = "\babar",
     title     = "{Evidence for direct CP violation in the measurement of the
                  Cabibbo-Kobayashi-Maskawa angle gamma with B-+ --> D(*)
                  K(*)-+ decays}",
     journal   = "Phys. Rev. Lett.",
     volume    = "105",
     year      = "2010",
     pages     = "121801",
     eprint    = "1005.1096",
     archivePrefix = "arXiv",
     primaryClass  =  "hep-ex",
     doi       = "10.1103/PhysRevLett.105.121801",
     SLACcitation  = "%%CITATION = 1005.1096;%%"
}

@article{Aihara:2012aw,
      author         = "Aihara, H. and others",
      title          = "{First Measurement of phi_3 with a Model-independent
                        Dalitz Plot Analysis of B-&gt;DK, D-&gt;KsPiPi Decay}",
      collaboration  = "Belle",
      journal        = "Phys. Rev.",
      volume         = "D85",
      pages          = "112014",
      doi            = "10.1103/PhysRevD.85.112014",
      year           = "2012",
      eprint         = "1204.6561",
      archivePrefix  = "arXiv",
      primaryClass   = "hep-ex",
      SLACcitation   = "%%CITATION = ARXIV:1204.6561;%%",
}

@article{Aaij:2012hu,
      author         = "Aaij, R. and others",
      title          = "{A model-independent Dalitz plot analysis of $B^\pm \to D
                        K^\pm$ with $D \to K^0_{\rm S} h^+h^-$ ($h=\pi, K$) decays
                        and constraints on the CKM angle $\gamma$}",
      collaboration  = "LHCb",
      journal        = "Phys. Lett.",
      volume         = "B718",
      pages          = "43",
      doi            = "10.1016/j.physletb.2012.10.020",
      year           = "2012",
      eprint         = "1209.5869",
      archivePrefix  = "arXiv",
      primaryClass   = "hep-ex",
      reportNumber   = "CERN-PH-EP-2012-268, LHCB-PAPER-2012-027",
      SLACcitation   = "%%CITATION = ARXIV:1209.5869;%%",
}

@article{Aaij:2014uva,
      author         = "Aaij, Roel and others",
      title          = "{Measurement of the CKM angle $\gamma$ using $B^\pm \to D
                        K^\pm$ with $D \to K^0_{\rm S} \pi^+\pi^-, K^0_{\rm S} K^+
                        K^-$ decays}",
      collaboration  = "LHCb",
      journal        = "JHEP",
      volume         = "10",
      pages          = "97",
      doi            = "10.1007/JHEP10(2014)097",
      year           = "2014",
      eprint         = "1408.2748",
      archivePrefix  = "arXiv",
      primaryClass   = "hep-ex",
      reportNumber   = "LHCB-PAPER-2014-041, CERN-PH-EP-2014-202",
      SLACcitation   = "%%CITATION = ARXIV:1408.2748;%%",
}

@article{Aaij:2014dia,
      author         = "Aaij, Roel and others",
      title          = "{A study of CP violation in $B^{\pm} \to DK^{\pm}$ and
                        $B^{\pm} \to D\pi^{\pm}$ decays with $D \to
                        K_S^0K^{\pm}\pi^{\mp}$ final states}",
      collaboration  = "LHCb",
      journal        = "Phys. Lett.",
      volume         = "B733",
      pages          = "36",
      doi            = "10.1016/j.physletb.2014.03.051",
      year           = "2014",
      eprint         = "1402.2982",
      archivePrefix  = "arXiv",
      primaryClass   = "hep-ex",
      reportNumber   = "CERN-PH-EP-2014-017, LHCB-PAPER-2013-068",
      SLACcitation   = "%%CITATION = ARXIV:1402.2982;%%",
}

@article{Lees:2013nha,
      author         = "Lees, J.~P. and others",
      title          = "{Observation of direct CP violation in the measurement of
                        the Cabibbo-Kobayashi-Maskawa angle gamma with $B^\pm\to
                        D^{(*)}K^{(*)\pm}$ decays}",
      collaboration  = "\babar",
      journal        = "Phys. Rev.",
      volume         = "D87",
      pages          = "052015",
      doi            = "10.1103/PhysRevD.87.052015",
      year           = "2013",
      eprint         = "1301.1029",
      archivePrefix  = "arXiv",
      primaryClass   = "hep-ex",
      reportNumber   = "BABAR-PUB-12-025, SLAC-PUB-15328",
      SLACcitation   = "%%CITATION = ARXIV:1301.1029;%%",
}

@Unpublished{LHCb-CONF-2014-004,
      title         = "{Improved constraints on $\gamma$: CKM2014 update}",
      collaboration = "LHCb",
      year          = "2014",
      note          = "LHCb-CONF-2014-004",
      url           = "https://cds.cern.ch/record/1755256?ln=en",
}

@article{Rama:2013voa,
      author         = "Rama, Matteo",
      title          = "{Effect of D-Dbar mixing in the extraction of gamma with
                        B- -> D0 K- and B- -> D0 pi- decays}",
      journal        = "Phys. Rev.",
      volume         = "D89",
      pages          = "014021",
      doi            = "10.1103/PhysRevD.89.014021",
      year           = "2014",
      eprint         = "1307.4384",
      archivePrefix  = "arXiv",
      primaryClass   = "hep-ex",
      SLACcitation   = "%%CITATION = ARXIV:1307.4384;%%",
}

@article{Brod:2013sga,
      author         = "Brod, Joachim and Zupan, Jure",
      title          = "{The ultimate theoretical error on $\gamma$ from $B \to
                        DK$ decays}",
      journal        = "JHEP",
      volume         = "01",
      pages          = "051",
      doi            = "10.1007/JHEP01(2014)051",
      year           = "2014",
      eprint         = "1308.5663",
      archivePrefix  = "arXiv",
      primaryClass   = "hep-ph",
      SLACcitation   = "%%CITATION = ARXIV:1308.5663;%%",
}
