%\begin{thebibliography}{999}

%-- Introduction

@Article{Cabibbo:1963yz,
     author    = "Cabibbo, Nicola",
     title     = "{Unitary Symmetry and Leptonic Decays}",
     journal   = "Phys. Rev. Lett.",
     volume    = "10",
     year      = "1963",
     pages     = "531-533",
     doi       = "10.1103/PhysRevLett.10.531",
     SLACcitation  = "%%CITATION = PRLTA,10,531;%%"
}

@Article{Kobayashi:1973fv,
     author    = "Kobayashi, Makoto and Maskawa, Toshihide",
     title     = "{CP Violation in the Renormalizable Theory of Weak
                  Interaction}",
     journal   = "Prog. Theor. Phys.",
     volume    = "49",
     year      = "1973",
     pages     = "652-657",
     doi       = "10.1143/PTP.49.652",
     SLACcitation  = "%%CITATION = PTPKA,49,652;%%"
}

@ArxivOnly{Abbaneo:2000ej_mod,
     author    = "Abbaneo, D. and others",
 collaborations = "ALEPH, CDF, DELPHI, L3, OPAL, and SLD",
     title     = "{Combined results on $b$-hadron production rates,
                  lifetimes, oscillations and semileptonic decays}",
     year      = "2000",
     eprint    = "hep-ex/0009052",
     archivePrefix = "arXiv",
     SLACcitation  = "%%CITATION = HEP-EX/0009052;%%",
     note = "CERN-EP-2000-096"
}

%      preamble = " updated in ",

@ArxivOnly{Abbaneo:2001bv_mod_cont,
     Xauthor    = "Abbaneo, D. and others",
  Xcollaborations = "ALEPH, CDF, DELPHI, L3, OPAL, and SLD",
     Xtitle     = "{Combined results on $b$-hadron production rates and decay
                  properties}",
     year      = "2001",
     eprint    = "hep-ex/0112028",
     archivePrefix = "arXiv",
     SLACcitation  = "%%CITATION = HEP-EX/0112028;%%",
     note = "CERN-EP-2001-050"
}

@Article{Barberio:2008fa,
     author    = "Barberio, E. and others",
     collab    = "Heavy Flavor Averaging Group",
     title     = "{Averages of $b$-hadron and $c$-hadron Properties at the
                  End of 2007}",
     year      = "2008",
     eprint    = "0808.1297",
     archivePrefix = "arXiv",
     primaryClass  =  "hep-ex",
     SLACcitation  = "%%CITATION = 0808.1297;%%"
}

@article{Asner:2010qj,
      author         = "Asner, D. and others",
      title          = "{Averages of $b$-hadron, $c$-hadron, and $\tau$-lepton
                        Properties}",
      collab  = "Heavy Flavor Averaging Group",
      year           = "2010",
      eprint         = "1010.1589",
      archivePrefix  = "arXiv",
      primaryClass   = "hep-ex",
}

% The SPIRES bibtex label of the reference below is "Amsler:2008zzb,"
@Article{PDG_2008,
     author    = "Amsler, Claude and others",
     collab = "Particle Data Group",
     title     = "{Review of particle physics}",
     journal   = "Phys. Lett.",
     volume    = "B667",
     year      = "2008",
     pages     = "1",
     doi       = "10.1016/j.physletb.2008.07.018",
     note      = "and 2009 partial update for the 2010 edition",
     SLACcitation  = "%%CITATION = PHLTA,B667,1;%%"
}

% The SPIRES bibtex label of the reference below is "Nakamura:2010zzi"
@Article{PDG_2010,
     author    = "Nakamura, K. and others",
     collab    = "Particle Data Group",
     title     = "{Review of particle physics}",
     journal   = "J. Phys.",
     volume    = "G37",
     year      = "2010",
     pages     = "075021",
     doi       = "10.1088/0954-3899/37/7A/075021",
     note      = "and 2011 partial update for the 2012 edition",
     SLACcitation  = "%%CITATION = JPHGB,G37,075021;%%"
}

@Article{PDG_2012,
     author    = "Beringer, J. and others",
     collab    = "Particle Data Group",
     title     = "{Review of particle physics}",
     journal   = "Phys. Rev.",
     volume    = "D86",
     year      = "2012",
     pages     = "010001",
     doi       = "10.1103/PhysRevD.86.010001",
}

% Beringer:1900zz
@article{PDG_2013,
      author         = "Beringer, J. and others",
      title          = "{Review of Particle Physics (RPP)}",
      collab  = "Particle Data Group",
      journal        = "Phys.Rev.",
      volume         = "D86",
      pages          = "010001",
      doi            = "10.1103/PhysRevD.86.010001",
      year           = "2012",
      note           = "and 2013 partial update for the 2014 edition",
      reportNumber   = "SLAC-REPRINT-2014-001",
      SLACcitation   = "%%CITATION = PHRVA,D86,010001;%%",
}

@Article{PDG_2014,
     author    = "Olive, K.A. and others",
     collab    = "Particle Data Group",
     title     = "{Review of particle physics}",
     journal   = "Chin. Phys.",
     volume    = "C38",
     year      = "2014",
     pages     = "090001",
}
%     doi       = "10.1103/PhysRevD.86.010001",


% Put any other common references here
@Article{Asner:2008ft,
     author    = "Asner, David Mark and others",
 collaboration = "CLEO",
     title     = "{Determination of the $D^0 \to K^{+} \pi^{-}$ Relative
                  Strong Phase Using Quantum-Correlated Measurements in
                  $e^{+} e^{-} \to D^0 D^0$ bar at CLEO}",
     journal   = "Phys. Rev.",
     volume    = "D78",
     year      = "2008",
     pages     = "012001",
     eprint    = "0802.2268",
     archivePrefix = "arXiv",
     primaryClass  =  "hep-ex",
     doi       = "10.1103/PhysRevD.78.012001",
     SLACcitation  = "%%CITATION = 0802.2268;%%"
}

@Article{Follana:2007uv,
     author    = "Follana, E. and Davies, C. T. H. and Lepage, G. P. and
                  Shigemitsu, J.",
 collaboration = "HPQCD",
     title     = "{High Precision determination of the pi, K, D and D_s decay
                  constants   from lattice QCD}",
     journal   = "Phys. Rev. Lett.",
     volume    = "100",
     year      = "2008",
     pages     = "062002",
     eprint    = "0706.1726",
     archivePrefix = "arXiv",
     primaryClass  =  "hep-lat",
     doi       = "10.1103/PhysRevLett.100.062002",
     SLACcitation  = "%%CITATION = 0706.1726;%%"
}

@article{Fleischer:2011cw,
      author         = "Fleischer, Robert and Knegjens, Robert",
      title          = "{Effective lifetimes of $B_s$ decays and their
                        constraints on the $B_s^0-\bar{B}_s^0$ mixing
                        parameters}",
      journal        = "Eur. Phys. J.",
      volume         = "C71",
      pages          = "1789",
      doi            = "10.1140/epjc/s10052-011-1789-9",
      year           = "2011",
      eprint         = "1109.5115",
      archivePrefix  = "arXiv",
      primaryClass   = "hep-ph",
      reportNumber   = "NIKHEF-2011-026",
      SLACcitation   = "%%CITATION = ARXIV:1109.5115;%%",
}

@Article{Abazov:2008jz,
     author    = "Abazov, V. M. and others",
 collaboration = "D0",
     title     = "{Measurement of the angular and lifetime parameters of the
                  decays B0(d) ---> J/psi K*0 and B0(s) ---> J/psi phi}",
     journal   = "Phys. Rev. Lett.",
     volume    = "102",
     year      = "2009",
     pages     = "032001",
     eprint    = "0810.0037",
     archivePrefix = "arXiv",
     primaryClass  =  "hep-ex",
     doi       = "10.1103/PhysRevLett.102.032001",
     SLACcitation  = "%%CITATION = 0810.0037;%%"
}

@Article{Aston:1987ir,
     author    = "Aston, D. and others",
     title     = "{A study of $K^- \pi^+$ scattering in the reaction $K^- p \to K^-
                  \pi+ n$ at 11~GeV$/c$}",
     journal   = "Nucl. Phys.",
     volume    = "B296",
     year      = "1988",
     pages     = "493",
     doi       = "10.1016/0550-3213(88)90028-4",
     SLACcitation  = "%%CITATION = NUPHA,B296,493;%%"
}

@Article{Aubert:2005cua,
     author    = "Aubert, B. and others",
     title     = "{Measurements of the $B \to X_s \gamma$ branching fraction and photon spectrum from a sum of exclusive final states}",
 collaboration = "\babar",
     journal   = "Phys. Rev.",
     volume    = "D72",
     year      = "2005",
     pages     = "052004",
     eprint    = "hep-ex/0508004",
     archivePrefix = "arXiv",
     doi       = "10.1103/PhysRevD.72.052004",
     SLACcitation  = "%%CITATION = HEP-EX/0508004;%%"
}

@article{Laiho:2009eu_mod,
      author         = "Laiho, Jack and Lunghi, Enrico and Van de Water, Ruth S.",
      title          = "{Lattice QCD inputs to the CKM unitarity triangle
                        analysis}",
      journal        = "Phys. Rev.",
      volume         = "D81",
      pages          = "034503",
      doi            = "10.1103/PhysRevD.81.034503",
      year           = "2010",
      eprint         = "0910.2928",
      archivePrefix  = "arXiv",
      primaryClass   = "hep-ph",
      reportNumber   = "IUHET-535",
      SLACcitation   = "%%CITATION = ARXIV:0910.2928;%%",
      note           = "updated results and plots available at \href{http://www.latticeaverages.org}{{\tt http://www.latticeaverages.org}}",
}

@Article{Limosani:2009qg,
     author    = "Limosani, A. and others",
 collaboration = "Belle",
     title     = "{Measurement of inclusive radiative $B$-meson decays with a
                  photon energy threshold of 1.7~GeV}",
     journal   = "Phys. Rev. Lett.",
     volume    = "103",
     year      = "2009",
     pages     = "241801",
     eprint    = "0907.1384",
     archivePrefix = "arXiv",
     primaryClass  =  "hep-ex",
     doi       = "10.1103/PhysRevLett.103.241801",
     SLACcitation  = "%%CITATION = 0907.1384;%%"
}

@article{Isgur:1991wq,
      author         = "Isgur, Nathan and Wise, Mark B.",
      title          = "{Spectroscopy with heavy quark symmetry}",
      journal        = "Phys. Rev. Lett.",
      volume         = "66",
      pages          = "1130-1133",
      doi            = "10.1103/PhysRevLett.66.1130",
      year           = "1991",
      reportNumber   = "CEBAF-TH-91-01, WM-91-101, CALT-68-1704",
      SLACcitation   = "%%CITATION = PRLTA,66,1130;%%",
}

@Article{Acosta:2004gt,
     author    = "Acosta, D. and others",
 collaboration = "CDF",
     title     = "{Measurement of the lifetime difference between $B_s^0$ mass
                  eigenstates}",
     journal   = "Phys. Rev. Lett.",
     volume    = "94",
     year      = "2005",
     pages     = "101803",
     eprint    = "hep-ex/0412057",
     archivePrefix = "arXiv",
     doi       = "10.1103/PhysRevLett.94.101803",
     SLACcitation  = "%%CITATION = HEP-EX/0412057;%%"
}

