
@Unpublished{HFAG_sl:inputparams,
     collab = "Heavy Flavor Averaging Group",
     note = "$B$ semileptonic decays common input parameters",
     url = "http://www.slac.stanford.edu/xorg/hfag/semi/EndOfYear11/common/common.param"
}

%------ Added M.Rotondo 2014 ------&

@article{Lees:2012vv,
      author         = "Lees, J.P. and others",
      title          = "{Branching fraction and form-factor shape measurements of
                        exclusive charmless semileptonic B decays, and
                        determination of $|V_{ub}|$}",
      collaboration  = "BaBar Collaboration",
      journal        = "Phys.Rev.",
      volume         = "D86",
      pages          = "092004",
      doi            = "10.1103/PhysRevD.86.092004",
      year           = "2012",
      eprint         = "1208.1253",
      archivePrefix  = "arXiv",
      primaryClass   = "hep-ex",
      reportNumber   = "BABAR-PUB12-015, SLAC-PUB-15208",
      SLACcitation   = "%%CITATION = ARXIV:1208.1253;%%",
}

@article{Lees:2012mq,
      author         = "Lees, J.P. and others",
      title          = "{Branching fraction measurement of $B^+ \to \omega \ell^+
                        \nu$ decays}",
      collaboration  = "BaBar Collaboration",
      journal        = "Phys.Rev.",
      number         = "3",
      volume         = "D87",
      pages          = "032004",
      doi            = "10.1103/PhysRevD.87.032004",
      year           = "2013",
      eprint         = "1205.6245",
      archivePrefix  = "arXiv",
      primaryClass   = "hep-ex",
      reportNumber   = "SLAC-PUB-15029, BABAR-PUB-12-005",
      SLACcitation   = "%%CITATION = ARXIV:1205.6245;%%",
}

@article{Lees:2013gja,
      author         = "Lees, J.P. and others",
      title          = "{Measurement of the $B^+ \to \omega \ell^+ \nu$ branching
                        fraction with semileptonically tagged B mesons}",
      collaboration  = "BaBar Collaboration",
      journal        = "Phys.Rev.",
      number         = "7",
      volume         = "D88",
      pages          = "072006",
      doi            = "10.1103/PhysRevD.88.072006",
      year           = "2013",
      eprint         = "1308.2589",
      archivePrefix  = "arXiv",
      primaryClass   = "hep-ex",
      reportNumber   = "BABAR-PUB-13-007, SLAC-PUB-15644",
      SLACcitation   = "%%CITATION = ARXIV:1308.2589;%%",
}


@article{Sibidanov:2013rkk,
      author         = "Sibidanov, A. and others",
      title          = "{Study of Exclusive $B \to X_u \ell \nu$ Decays and
                        Extraction of $\|V_{ub}\|$ using Full Reconstruction
                        Tagging at the Belle Experiment}",
      collaboration  = "Belle Collaboration",
      journal        = "Phys.Rev.",
      number         = "3",
      volume         = "D88",
      pages          = "032005",
      doi            = "10.1103/PhysRevD.88.032005",
      year           = "2013",
      eprint         = "1306.2781",
      archivePrefix  = "arXiv",
      primaryClass   = "hep-ex",
      reportNumber   = "BELLE-PREPRINT-2013-9, KEK-PREPRINT-2013-8",
      SLACcitation   = "%%CITATION = ARXIV:1306.2781;%%",
}

@article{Schwanda:2004fa,
      author         = "Schwanda, C. and others",
      title          = "{Evidence for B+ ---&gt; omega l+ nu}",
      collaboration  = "Belle Collaboration",
      journal        = "Phys.Rev.Lett.",
      volume         = "93",
      pages          = "131803",
      doi            = "10.1103/PhysRevLett.93.131803",
      year           = "2004",
      eprint         = "hep-ex/0402023",
      archivePrefix  = "arXiv",
      primaryClass   = "hep-ex",
      reportNumber   = "BELLE-PREPRINT-2004-4, KEK-PREPRINT-2003-126",
      SLACcitation   = "%%CITATION = HEP-EX/0402023;%%",
}

% --------------------------------- %

@Article{Benson:2003kp,
     author    = "Benson, D and Bigi, I. I. and Mannel, T. and Uraltsev, N.",
     title     = "{Imprecated, yet impeccable: On the theoretical evaluation
                  of Gamma(B  --> X/c l nu)}",
     journal   = "Nucl. Phys.",
     volume    = "B665",
     year      = "2003",
     pages     = "367-401",
     eprint    = "hep-ph/0302262",
     archivePrefix = "arXiv",
     doi       = "10.1016/S0550-3213(03)00452-8",
     SLACcitation  = "%%CITATION = HEP-PH/0302262;%%"
}

@Article{Gambino:2004qm,
     author    = "Gambino, Paolo and Uraltsev, Nikolai",
     title     = "{Moments of semileptonic B decay distributions in the
                  1/m(b) expansion}",
     journal   = "Eur. Phys. J.",
     volume    = "C34",
     year      = "2004",
     pages     = "181-189",
     eprint    = "hep-ph/0401063",
     archivePrefix = "arXiv",
     doi       = "10.1140/epjc/s2004-01671-2",
     SLACcitation  = "%%CITATION = HEP-PH/0401063;%%"
}

@Article{Benson:2004sg,
     author    = "Benson, D. and Bigi, I. I. and Uraltsev, N.",
     title     = "{On the photon energy moments and their `bias' corrections
                  in B -> X_s+\gamma}",
     journal   = "Nucl. Phys.",
     volume    = "B710",
     year      = "2005",
     pages     = "371-401",
     eprint    = "hep-ph/0410080",
     archivePrefix = "arXiv",
     doi       = "10.1016/j.nuclphysb.2004.12.035",
     SLACcitation  = "%%CITATION = HEP-PH/0410080;%%"
}

@Article{Bauer:2004ve,
     author    = "Bauer, Christian W. and Ligeti, Zoltan and Luke, Michael
                  and Manohar, Aneesh V. and Trott, Michael",
     title     = "{Global analysis of inclusive B decays}",
     journal   = "Phys. Rev.",
     volume    = "D70",
     year      = "2004",
     pages     = "094017",
     eprint    = "hep-ph/0408002",
     archivePrefix = "arXiv",
     doi       = "10.1103/PhysRevD.70.094017",
     SLACcitation  = "%%CITATION = HEP-PH/0408002;%%"
}

@Article{Schwanda:2008kw,
     author    = "Schwanda, C. and others",
 collaboration = "Belle",
     title     = "{Measurement of the Moments of the Photon Energy Spectrum
                  in B -> X_s gamma Decays and Determination of |V_cb| and
                  m_b at Belle}",
     journal   = "Phys. Rev.",
     volume    = "D78",
     year      = "2008",
     pages     = "032016",
     eprint    = "0803.2158",
     archivePrefix = "arXiv",
     primaryClass  =  "hep-ex",
     doi       = "10.1103/PhysRevD.78.032016",
     SLACcitation  = "%%CITATION = 0803.2158;%%"
}

@Article{Aubert:2009qda,
     author    = "Aubert, Bernard and others",
 collaboration = "\babar",
     title     = "{Measurement and interpretation of moments in inclusive
                  semileptonic decays Bbar --> X_c l- nubar}",
     journal   = "Phys. Rev.",
     volume    = "D81",
     year      = "2010",
     pages     = "032003",
     eprint    = "0908.0415",
     archivePrefix = "arXiv",
     primaryClass  =  "hep-ex",
     doi       = "10.1103/PhysRevD.81.032003",
     SLACcitation  = "%%CITATION = 0908.0415;%%"
}

@Article{Aubert:2004td,
     author    = "Aubert, Bernard and others",
 collaboration = "\babar",
     title     = "{Measurement of the electron energy spectrum and its
                  moments in inclusive $B \to X e \nu$ decays}",
     journal   = "Phys. Rev.",
     volume    = "D69",
     year      = "2004",
     pages     = "111104",
     eprint    = "hep-ex/0403030",
     archivePrefix = "arXiv",
     doi       = "10.1103/PhysRevD.69.111104",
     SLACcitation  = "%%CITATION = HEP-EX/0403030;%%"
}

@Article{Schwanda:2006nf,
     author    = "Schwanda, C. and others",
 collaboration = "Belle",
     title     = "{Moments of the hadronic invariant mass spectrum in B -->
                  X/c l nu  decays at Belle}",
     journal   = "Phys. Rev.",
     volume    = "D75",
     year      = "2007",
     pages     = "032005",
     eprint    = "hep-ex/0611044",
     archivePrefix = "arXiv",
     doi       = "10.1103/PhysRevD.75.032005",
     SLACcitation  = "%%CITATION = HEP-EX/0611044;%%"
}

@Article{Urquijo:2006wd,
     author    = "Urquijo, P. and others",
 collaboration = "Belle",
     title     = "{Moments of the electron energy spectrum and partial
                  branching fraction  of B --> X/c e nu decays at Belle}",
     journal   = "Phys. Rev.",
     volume    = "D75",
     year      = "2007",
     pages     = "032001",
     eprint    = "hep-ex/0610012",
     archivePrefix = "arXiv",
     doi       = "10.1103/PhysRevD.75.032001",
     SLACcitation  = "%%CITATION = HEP-EX/0610012;%%"
}

% TJG moved Limosani:2009qg to EndOfYear2011.bib

@Article{Acosta:2005qh,
     author    = "Acosta, Darin E. and others",
 collaboration = "CDF",
     title     = "{Measurement of the moments of the hadronic invariant mass
                  distribution in semileptonic $B$ decays}",
     journal   = "Phys. Rev.",
     volume    = "D71",
     year      = "2005",
     pages     = "051103",
     eprint    = "hep-ex/0502003",
     archivePrefix = "arXiv",
     doi       = "10.1103/PhysRevD.71.051103",
     SLACcitation  = "%%CITATION = HEP-EX/0502003;%%"
}

@Article{Csorna:2004kp,
     author    = "Csorna, S. E. and others",
 collaboration = "CLEO",
     title     = "{Moments of the B meson inclusive semileptonic decay rate
                  using neutrino  reconstruction}",
     journal   = "Phys. Rev.",
     volume    = "D70",
     year      = "2004",
     pages     = "032002",
     eprint    = "hep-ex/0403052",
     archivePrefix = "arXiv",
     doi       = "10.1103/PhysRevD.70.032002",
     SLACcitation  = "%%CITATION = HEP-EX/0403052;%%"
}

@Article{Abdallah:2005cx,
     author    = "Abdallah, J. and others",
 collaboration = "DELPHI",
     title     = "{Determination of heavy quark non-perturbative parameters
                  from spectral  moments in semileptonic B decays}",
     journal   = "Eur. Phys. J.",
     volume    = "C45",
     year      = "2006",
     pages     = "35-59",
     eprint    = "hep-ex/0510024",
     archivePrefix = "arXiv",
     doi       = "10.1140/epjc/s2005-02406-7",
     SLACcitation  = "%%CITATION = HEP-EX/0510024;%%"
}

@Article{ref:belle-multivariate,
     author    = "Urquijo, P. and others",
 collaboration = "Belle",
     title     = "{Measurement Of |V_ub| From Inclusive Charmless
                  Semileptonic B Decays}",
     journal   = "Phys. Rev. Lett.",
     volume    = "104",
     year      = "2010",
     pages     = "021801",
     eprint    = "0907.0379",
     archivePrefix = "arXiv",
     primaryClass  =  "hep-ex",
     doi       = "10.1103/PhysRevLett.104.021801",
     SLACcitation  = "%%CITATION = 0907.0379;%%"
}

@Article{ref:belle-mx,
     author    = "Bizjak, Ilija and others",
 collaboration = "Belle",
     title     = "{Measurement of the inclusive charmless semileptonic
                  partial branching  fraction of B mesons and determination
                  of |V(ub)| using the full  reconstruction tag}",
     journal   = "Phys. Rev. Lett.",
     volume    = "95",
     year      = "2005",
     pages     = "241801",
     eprint    = "hep-ex/0505088",
     archivePrefix = "arXiv",
     doi       = "10.1103/PhysRevLett.95.241801",
     SLACcitation  = "%%CITATION = HEP-EX/0505088;%%"
}

@Article{ref:babar-mx,
     author    = "Aubert, Bernard and others",
 collaboration = "\babar",
     title     = "{Measurements of Partial Branching Fractions for $\bar{B}
                  \to X_{u} \ell \bar{\nu}$ and Determination of
                  $|V_{ub}|$}",
     journal   = "Phys. Rev. Lett.",
     volume    = "100",
     year      = "2008",
     pages     = "171802",
     eprint    = "0708.3702",
     archivePrefix = "arXiv",
     primaryClass  =  "hep-ex",
     doi       = "10.1103/PhysRevLett.100.171802",
     SLACcitation  = "%%CITATION = 0708.3702;%%"
}

@Article{ref:BLL,
     author    = "Bauer, Christian W. and Ligeti, Zoltan and Luke, Michael E.
                  ",
     title     = "{Precision determination of |V(ub)| from inclusive
                  decays}",
     journal   = "Phys. Rev.",
     volume    = "D64",
     year      = "2001",
     pages     = "113004",
     eprint    = "hep-ph/0107074",
     archivePrefix = "arXiv",
     doi       = "10.1103/PhysRevD.64.113004",
     SLACcitation  = "%%CITATION = HEP-PH/0107074;%%"
}

@Article{Neubert:1993um,
     author    = "Neubert, Matthias",
     title     = "{Analysis of the photon spectrum in inclusive B $\to$ X(s)
                  gamma decays}",
     journal   = "Phys. Rev.",
     volume    = "D49",
     year      = "1994",
     pages     = "4623-4633",
     eprint    = "hep-ph/9312311",
     archivePrefix = "arXiv",
     doi       = "10.1103/PhysRevD.49.4623",
     SLACcitation  = "%%CITATION = HEP-PH/9312311;%%"
}

@Article{Leibovich:1999xf,
     author    = "Leibovich, Adam K. and Low, Ian and Rothstein, I. Z.",
     title     = "{Extracting V(ub) without recourse to structure
                  functions}",
     journal   = "Phys. Rev.",
     volume    = "D61",
     year      = "2000",
     pages     = "053006",
     eprint    = "hep-ph/9909404",
     archivePrefix = "arXiv",
     doi       = "10.1103/PhysRevD.61.053006",
     SLACcitation  = "%%CITATION = HEP-PH/9909404;%%"
}

@Article{Lange:2005qn,
     author    = "Lange, Bjorn O. and Neubert, Matthias and Paz, Gil",
     title     = "{A two-loop relation between inclusive radiative and
                  semileptonic B  decay spectra}",
     journal   = "JHEP",
     volume    = "10",
     year      = "2005",
     pages     = "084",
     eprint    = "hep-ph/0508178",
     archivePrefix = "arXiv",
     SLACcitation  = "%%CITATION = HEP-PH/0508178;%%"
}

@Article{Aubert:2006qi,
     author    = "Aubert, Bernard and others",
 collaboration = "\babar",
     title     = "{Determinations of |V(ub)| from inclusive semileptonic B
                  decays with  reduced model dependence}",
     journal   = "Phys. Rev. Lett.",
     volume    = "96",
     year      = "2006",
     pages     = "221801",
     eprint    = "hep-ex/0601046",
     archivePrefix = "arXiv",
     doi       = "10.1103/PhysRevLett.96.221801",
     SLACcitation  = "%%CITATION = HEP-EX/0601046;%%"
}

@Article{Golubev:2007cs,
     author    = "Golubev, Vladimir B. and Skovpen, Yuri I. and Luth, Vera G.
                  ",
     title     = "{Extraction of |Vub| with Reduced Dependence on Shape
                  Functions}",
     journal   = "Phys. Rev.",
     volume    = "D76",
     year      = "2007",
     pages     = "114003",
     eprint    = "hep-ph/0702072",
     archivePrefix = "arXiv",
     doi       = "10.1103/PhysRevD.76.114003",
     SLACcitation  = "%%CITATION = HEP-PH/0702072;%%"
}

@Article{ref:babar-endpoint,
     author    = "Aubert, Bernard and others",
 collaboration = "\babar",
     title     = "{Measurement of the inclusive electron spectrum in
                  charmless  semileptonic B decays near the kinematic
                  endpoint and determination of  |V(ub)|}",
     journal   = "Phys. Rev.",
     volume    = "D73",
     year      = "2006",
     pages     = "012006",
     eprint    = "hep-ex/0509040",
     archivePrefix = "arXiv",
     doi       = "10.1103/PhysRevD.73.012006",
     SLACcitation  = "%%CITATION = HEP-EX/0509040;%%"
}

@Article{ref:cleo-endpoint,
     author    = "Bornheim, A. and others",
 collaboration = "CLEO",
     title     = "{Improved Measurement of |V_ub| with Inclusive Semileptonic
                  B Decays}",
     journal   = "Phys. Rev. Lett.",
     volume    = "88",
     year      = "2002",
     pages     = "231803",
     eprint    = "hep-ex/0202019",
     archivePrefix = "arXiv",
     doi       = "10.1103/PhysRevLett.88.231803",
     SLACcitation  = "%%CITATION = HEP-EX/0202019;%%"
}

@Article{ref:shmax,
     author    = "Kowalewski, Robert V. and Menke, Sven",
     title     = "{Complementary observables for the determination of |V(ub)|
                  in inclusive  semileptonic B decays}",
     journal   = "Phys. Lett.",
     volume    = "B541",
     year      = "2002",
     pages     = "29-34",
     eprint    = "hep-ex/0205038",
     archivePrefix = "arXiv",
     doi       = "10.1016/S0370-2693(02)02181-0",
     SLACcitation  = "%%CITATION = HEP-EX/0205038;%%"
}

@Article{ref:babar-elq2,
     author    = "Aubert, Bernard and others",
 collaboration = "\babar",
     title     = "{Determination of $|V_{ub}|$ from measurements of the
                  electron and neutrino  momenta in inclusive semileptonic
                  $B$ decays}",
     journal   = "Phys. Rev. Lett.",
     volume    = "95",
     year      = "2005",
     pages     = "111801",
     eprint    = "hep-ex/0506036",
     archivePrefix = "arXiv",
     doi       = "10.1103/PhysRevLett.95.111801",
     SLACcitation  = "%%CITATION = HEP-EX/0506036;%%"
}

@Article{ref:belle-endpoint,
     author    = "Limosani, A. and others",
 collaboration = "Belle",
     title     = "{Measurement of inclusive charmless semileptonic B-meson
                  decays at the  endpoint of the electron momentum
                  spectrum}",
     journal   = "Phys. Lett.",
     volume    = "B621",
     year      = "2005",
     pages     = "28-40",
     eprint    = "hep-ex/0504046",
     archivePrefix = "arXiv",
     doi       = "10.1016/j.physletb.2005.06.011",
     SLACcitation  = "%%CITATION = HEP-EX/0504046;%%"
}

@Article{ref:belle-mxq2Anneal,
     author    = "Kakuno, H. and others",
 collaboration = "Belle",
     title     = "{Measurement of |V(ub)| using inclusive B --> X/u l nu
                  decays with a  novel X/u reconstruction method}",
     journal   = "Phys. Rev. Lett.",
     volume    = "92",
     year      = "2004",
     pages     = "101801",
     eprint    = "hep-ex/0311048",
     archivePrefix = "arXiv",
     doi       = "10.1103/PhysRevLett.92.101801",
     SLACcitation  = "%%CITATION = HEP-EX/0311048;%%"
}

@Article{ref:BLNP,
     author    = "Lange, Bjorn O. and Neubert, Matthias and Paz, Gil",
     title     = "{Theory of charmless inclusive B decays and the extraction
                  of V(ub)}",
     journal   = "Phys. Rev.",
     volume    = "D72",
     year      = "2005",
     pages     = "073006",
     eprint    = "hep-ph/0504071",
     archivePrefix = "arXiv",
     doi       = "10.1103/PhysRevD.72.073006",
     SLACcitation  = "%%CITATION = HEP-PH/0504071;%%"
}

@Article{ref:Neubert-new-1,
     author    = "Bosch, S. W. and Lange, B. O. and Neubert, M. and Paz, Gil
                  ",
     title     = "{Factorization and shape-function effects in inclusive B-
                  meson decays}",
     journal   = "Nucl. Phys.",
     volume    = "B699",
     year      = "2004",
     pages     = "335-386",
     eprint    = "hep-ph/0402094",
     archivePrefix = "arXiv",
     doi       = "10.1016/j.nuclphysb.2004.07.041",
     SLACcitation  = "%%CITATION = HEP-PH/0402094;%%"
}

@Article{ref:Neubert-new-2, 
     author    = "Bosch, Stefan W. and Neubert, Matthias and Paz, Gil",
     title     = "{Subleading shape functions in inclusive B decays}",
     journal   = "JHEP",
     volume    = "11",
     year      = "2004",
     pages     = "073",
     eprint    = "hep-ph/0409115",
     archivePrefix = "arXiv",
     doi       = "10.1088/1126-6708/2004/11/073",
     SLACcitation  = "%%CITATION = HEP-PH/0409115;%%"
}

@Article{ref:Neubert-new-3,
     author    = "Neubert, Matthias",
     title     = "{Impact of four-quark shape functions on inclusive B decay
                  spectra}",
     journal   = "Eur. Phys. J.",
     volume    = "C44",
     year      = "2005",
     pages     = "205-209",
     eprint    = "hep-ph/0411027",
     archivePrefix = "arXiv",
     doi       = "10.1140/epjc/s2005-02360-4",
     SLACcitation  = "%%CITATION = HEP-PH/0411027;%%"
}


@article{Neubert:2004sp,
      author         = "Neubert, Matthias",
      title          = "{Two-loop relations for heavy-quark parameters in the
                        shape-function scheme}",
      journal        = "Phys.Lett.",
      volume         = "B612",
      pages          = "13-20",
      doi            = "10.1016/j.physletb.2005.02.055",
      year           = "2005",
      eprint         = "hep-ph/0412241",
      archivePrefix  = "arXiv",
      primaryClass   = "hep-ph",
      reportNumber   = "CLNS-04-1903",
      SLACcitation   = "%%CITATION = HEP-PH/0412241;%%",
}

@article{Neubert:2005nt,
      author         = "Neubert, Matthias",
      title          = "{Advanced predictions for moments of the anti-B ---&gt;
                        X(s) gamma photon spectrum}",
      journal        = "Phys.Rev.",
      volume         = "D72",
      pages          = "074025",
      doi            = "10.1103/PhysRevD.72.074025",
      year           = "2005",
      eprint         = "hep-ph/0506245",
      archivePrefix  = "arXiv",
      primaryClass   = "hep-ph",
      reportNumber   = "CLNS-04-1904",
      SLACcitation   = "%%CITATION = HEP-PH/0506245;%%",
}

@Article{ref:DGE,
     author    = "Andersen, Jeppe R. and Gardi, Einan",
     title     = "{Inclusive spectra in charmless semileptonic B decays by
                  dressed gluon  exponentiation}",
     journal   = "JHEP",
     volume    = "01",
     year      = "2006",
     pages     = "097",
     eprint    = "hep-ph/0509360",
     archivePrefix = "arXiv",
     SLACcitation  = "%%CITATION = HEP-PH/0509360;%%"
}

@Article{Gambino:2007rp,
     author    = "Gambino, P. and Giordano, P. and Ossola, G. and Uraltsev,
                  N.",
     title     = "{Inclusive semileptonic B decays and the determination of
                  |V_ub|}",
     journal   = "JHEP",
     volume    = "10",
     year      = "2007",
     pages     = "058",
     eprint    = "0707.2493",
     archivePrefix = "arXiv",
     primaryClass  =  "hep-ph",
     doi       = "10.1088/1126-6708/2007/10/058",
     SLACcitation  = "%%CITATION = 0707.2493;%%"
}

@Article{Aglietti:2007ik,
     author    = "Aglietti, Ugo and Di Lodovico, Francesca and Ferrera,
                  Giancarlo and Ricciardi, Giulia",
     title     = "{Inclusive Measure of |V_ub| with the Analytic Coupling
                  Model}",
     journal   = "Eur. Phys. J.",
     volume    = "C59",
     year      = "2009",
     pages     = "831-840",
     eprint    = "0711.0860",
     archivePrefix = "arXiv",
     primaryClass  =  "hep-ph",
     doi       = "10.1140/epjc/s10052-008-0817-x",
     SLACcitation  = "%%CITATION = 0711.0860;%%"
}

@Article{Aglietti:2006yb,
     author    = "Aglietti, Ugo and Ferrera, Giancarlo and Ricciardi, Giulia
                  ",
     title     = "{Semi-inclusive B decays and a model for soft-gluon
                  effects}",
     journal   = "Nucl. Phys.",
     volume    = "B768",
     year      = "2007",
     pages     = "85-115",
     eprint    = "hep-ph/0608047",
     archivePrefix = "arXiv",
     doi       = "10.1016/j.nuclphysb.2007.01.014",
     SLACcitation  = "%%CITATION = HEP-PH/0608047;%%"
}

@Article{Aglietti:2005mb,
     author    = "Aglietti, Ugo and Ricciardi, Giulia and Ferrera, Giancarlo
                  ",
     title     = "{Threshold resummed spectra in B --> X/u l nu decays in
                  NLO. I}",
     journal   = "Phys. Rev.",
     volume    = "D74",
     year      = "2006",
     pages     = "034004",
     eprint    = "hep-ph/0507285",
     archivePrefix = "arXiv",
     doi       = "10.1103/PhysRevD.74.034004",
     SLACcitation  = "%%CITATION = HEP-PH/0507285;%%"
}

@Article{Aglietti:2005bm,
     author    = "Aglietti, Ugo and Ricciardi, Giulia and Ferrera, Giancarlo
                  ",
     title     = "{Threshold resummed spectra in B -> Xu l nu decays in NLO
                  (II)}",
     journal   = "Phys. Rev.",
     volume    = "D74",
     year      = "2006",
     pages     = "034005",
     eprint    = "hep-ph/0509095",
     archivePrefix = "arXiv",
     doi       = "10.1103/PhysRevD.74.034005",
     SLACcitation  = "%%CITATION = HEP-PH/0509095;%%"
}

@Article{Aglietti:2005eq,
     author    = "Aglietti, Ugo and Ricciardi, Giulia and Ferrera, Giancarlo
                  ",
     title     = "{Threshold resummed spectra in B ->Xu l nu decays in NLO
                  (III)}",
     journal   = "Phys. Rev.",
     volume    = "D74",
     year      = "2006",
     pages     = "034006",
     eprint    = "hep-ph/0509271",
     archivePrefix = "arXiv",
     doi       = "10.1103/PhysRevD.74.034006",
     SLACcitation  = "%%CITATION = HEP-PH/0509271;%%"
}


%%%%%%%%%%%%%%%%%%%%%%%%========================================
%%%%%%%%%%%%%%%%%% DAVIDS REFERENCES %%%%%%%%%%%%%%%%%%%%%%%%%%%
%%%%%%%%%%%%%%%%%%%%%%%%========================================

@Article{Aubert:2009_1,
     author    = "Aubert, Bernard and others",
 collaboration = "\babar",
     title     = "{Measurements of the Semileptonic Decays $\Bb\to D\ell\nub$
                  and $\Bb\to D^*\ell\nub$ Using a Global Fit to $D
                  X\ell\nub$ Final States}",
     journal   = "Phys. Rev.",
     volume    = "D79",
     year      = "2009",
     pages     = "012002",
     eprint    = "0809.0828",
     archivePrefix = "arXiv",
     primaryClass  =  "hep-ex",
     doi       = "10.1103/PhysRevD.79.012002",
     SLACcitation  = "%%CITATION = 0809.0828;%%"
}

@Article{Aubert:2009_2,
     author    = "Aubert, Bernard and others",
 collaboration = "\babar",
     title     = "{Measurement of |V_cb| and the Form-Factor Slope in Bbar ->
                  D l- nubar Decays in Events Tagged by a Fully Reconstructed
                  B Meson}",
     journal   = "Phys. Rev. Lett.",
     volume    = "104",
     year      = "2010",
     pages     = "011802",
     eprint    = "0904.4063",
     archivePrefix = "arXiv",
     primaryClass  =  "hep-ex",
     doi       = "10.1103/PhysRevLett.104.011802",
     SLACcitation  = "%%CITATION = 0904.4063;%%"
}

@Article{CLN,
     author    = "Caprini, Irinel and Lellouch, Laurent and Neubert, Matthias
                  ",
     title     = "{Dispersive bounds on the shape of anti-B --> D(*) l anti-
                  nu form  factors}",
     journal   = "Nucl. Phys.",
     volume    = "B530",
     year      = "1998",
     pages     = "153-181",
     eprint    = "hep-ph/9712417",
     archivePrefix = "arXiv",
     doi       = "10.1016/S0550-3213(98)00350-2",
     SLACcitation  = "%%CITATION = HEP-PH/9712417;%%"
}

@Article{Aubert:vcbExcl,
     author    = "Aubert, Bernard and others",
 collaboration = "\babar",
     title     = "{A Measurement of the branching fractions of exclusive
                  $\bar{B} \to D^{(*)}$ ($\pi$) $\ell^{-} \bar{\nu}$(
                  $\ell^{)}$ decays in events with a fully reconstructed $B$
                  meson}",
     journal   = "Phys. Rev. Lett.",
     volume    = "100",
     year      = "2008",
     pages     = "151802",
     eprint    = "0712.3503",
     archivePrefix = "arXiv",
     primaryClass  =  "hep-ex",
     doi       = "10.1103/PhysRevLett.100.151802",
     SLACcitation  = "%%CITATION = 0712.3503;%%"
}

@Article{Buskulic:1996yq,
     author    = "Buskulic, D. and others",
 collaboration = "ALEPH",
     title     = "{Measurements of |V(cb)|, form factors and branching
                  fractions in the  decays anti-B0 --> D*+ l- anti-nu/l and
                  anti-B0 --> D+ l- anti-nu/l}",
     journal   = "Phys. Lett.",
     volume    = "B395",
     year      = "1997",
     pages     = "373-387",
     doi       = "10.1016/S0370-2693(97)00071-3",
     SLACcitation  = "%%CITATION = PHLTA,B395,373;%%"
}

@Article{Bartelt:1998dq,
     author    = "Bartelt, John E. and others",
 collaboration = "CLEO",
     title     = "{Measurement of the B --> D l nu branching fractions and
                  form factor}",
     journal   = "Phys. Rev. Lett.",
     volume    = "82",
     year      = "1999",
     pages     = "3746",
     eprint    = "hep-ex/9811042",
     archivePrefix = "arXiv",
     doi       = "10.1103/PhysRevLett.82.3746",
     SLACcitation  = "%%CITATION = HEP-EX/9811042;%%"
}

@Article{Abe:2001yf,
     author    = "Abe, K. and others",
 collaboration = "Belle",
     title     = "{Measurement of B(anti-B0 --> D+ l- anti-nu) and
                  determination of  |V(cb)|}",
     journal   = "Phys. Lett.",
     volume    = "B526",
     year      = "2002",
     pages     = "258-268",
     eprint    = "hep-ex/0111082",
     archivePrefix = "arXiv",
     doi       = "10.1016/S0370-2693(01)01483-6",
     SLACcitation  = "%%CITATION = HEP-EX/0111082;%%"
}

@Article{Fulton:1991,
     author    = "Fulton, R. and others",
 collaboration = "CLEO",
     title     = "{Exclusive and inclusive semileptonic decays of B mesons to
                  D mesons}",
     journal   = "Phys. Rev.",
     volume    = "D43",
     year      = "1991",
     pages     = "651-663",
     doi       = "10.1103/PhysRevD.43.651",
     SLACcitation  = "%%CITATION = PHRVA,D43,651;%%"
}

@Article{Abbiendi:2000hk,
     author    = "Abbiendi, G. and others",
 collaboration = "OPAL",
     title     = "{Measurement of |V(cb)| using anti-B0 --> D*+ l- anti-nu
                  decays}",
     journal   = "Phys. Lett.",
     volume    = "B482",
     year      = "2000",
     pages     = "15-30",
     eprint    = "hep-ex/0003013",
     archivePrefix = "arXiv",
     doi       = "10.1016/S0370-2693(00)00457-3",
     SLACcitation  = "%%CITATION = HEP-EX/0003013;%%"
}

@Article{Abreu:2001ic,
     author    = "Abreu, P. and others",
 collaboration = "DELPHI",
     title     = "{Measurement of V(cb) from the decay process anti-B0 -->
                  D*+ l-  anti-nu}",
     journal   = "Phys. Lett.",
     volume    = "B510",
     year      = "2001",
     pages     = "55-74",
     eprint    = "hep-ex/0104026",
     archivePrefix = "arXiv",
     doi       = "10.1016/S0370-2693(01)00569-X",
     SLACcitation  = "%%CITATION = HEP-EX/0104026;%%"
}

@Article{Abe:2009New,
     author    = "Adachi, I. and others",
 collaboration = "Belle",
     title     = "{Measurement of the form factors of the decay B^0 -> D^{*-}
                  l^+ nu_l and determination of the CKM matrix element
                  |V_{cb}|}",
     year      = "2008",
     eprint    = "0810.1657",
     archivePrefix = "arXiv",
     primaryClass  =  "hep-ex",
     SLACcitation  = "%%CITATION = 0810.1657;%%"
}

@Article{Adam:2002uw,
     author    = "Adam, N. E. and others",
 collaboration = "CLEO",
     title     = "{Determination of the anti-B --> D* l anti-nu decay width
                  and |V(cb)|. ((B))}",
     journal   = "Phys. Rev.",
     volume    = "D67",
     year      = "2003",
     pages     = "032001",
     eprint    = "hep-ex/0210040",
     archivePrefix = "arXiv",
     doi       = "10.1103/PhysRevD.67.032001",
     SLACcitation  = "%%CITATION = HEP-EX/0210040;%%"
}

@Article{Abdallah:2004rz,
     author    = "Abdallah, J. and others",
 collaboration = "DELPHI",
     title     = "{Measurement of |V(cb)| using the semileptonic decay anti-
                  B/d0 --> D*+  l- anti-nu/l}",
     journal   = "Eur. Phys. J.",
     volume    = "C33",
     year      = "2004",
     pages     = "213-232",
     eprint    = "hep-ex/0401023",
     archivePrefix = "arXiv",
     doi       = "10.1140/epjc/s2004-01598-6",
     SLACcitation  = "%%CITATION = HEP-EX/0401023;%%"
}

@Article{Aubert:2006mb,
     author    = "Aubert, Bernard and others",
 collaboration = "\babar",
     title     = "{Determination of the form-factors for the decay $B^0 \to
                  D^{*-} \ell^{+} \nu_{l}$ and of the CKM matrix element
                  $|V_{cb}|$}",
     journal   = "Phys. Rev.",
     volume    = "D77",
     year      = "2008",
     pages     = "032002",
     eprint    = "0705.4008",
     archivePrefix = "arXiv",
     primaryClass  =  "hep-ex",
     doi       = "10.1103/PhysRevD.77.032002",
     SLACcitation  = "%%CITATION = 0705.4008;%%"
}

@Article{Albrecht:1992,
     author    = "Albrecht, H. and others",
 collaboration = "ARGUS",
     title     = "{Measurement of the decay B- $\to$ D*0 l- anti-neutrino}",
     journal   = "Phys. Lett.",
     volume    = "B275",
     year      = "1992",
     pages     = "195-201",
     doi       = "10.1016/0370-2693(92)90875-5",
     SLACcitation  = "%%CITATION = PHLTA,B275,195;%%"
}

@Article{Aubert:2009_3,
     author    = "Aubert, Bernard and others",
 collaboration = "\babar",
     title     = "{Measurement of the Decay $B^{-} \to$ D*0 $e^{-}
                  \bar{\nu}$( $e$)}",
     journal   = "Phys. Rev. Lett.",
     volume    = "100",
     year      = "2008",
     pages     = "231803",
     eprint    = "0712.3493",
     archivePrefix = "arXiv",
     primaryClass  =  "hep-ex",
     doi       = "10.1103/PhysRevLett.100.231803",
     SLACcitation  = "%%CITATION = 0712.3493;%%"
}

@Article{Abe:2009New2,
     author    = "Adachi, I. and others",
 collaboration = "Belle",
     title     = "{Measurement of the form factors of the decay B^+\to\bar
                  D^{*0}\ell^+\nu_\ell and determination of the CKM matrix
                  element |V_{cb}|}",
     year      = "2009",
     eprint    = "0910.3534",
     archivePrefix = "arXiv",
     primaryClass  =  "hep-ex",
     SLACcitation  = "%%CITATION = 0910.3534;%%"
}

@Article{Live:Dss,
     author    = "Liventsev, D. and others",
 collaboration = "Belle",
     title     = "{Study of B -> D** l nu with full reconstruction tagging}",
     journal   = "Phys. Rev.",
     volume    = "D77",
     year      = "2008",
     pages     = "091503",
     eprint    = "0711.3252",
     archivePrefix = "arXiv",
     primaryClass  =  "hep-ex",
     doi       = "10.1103/PhysRevD.77.091503",
     SLACcitation  = "%%CITATION = 0711.3252;%%"
}

@Article{Aleph:Dss,
     author    = "Buskulic, D. and others",
 collaboration = "ALEPH",
     title     = "{Production of orbitally excited charm mesons in
                  semileptonic B decays}",
     journal   = "Z. Phys.",
     volume    = "C73",
     year      = "1997",
     pages     = "601-612",
     doi       = "10.1007/s002880050351",
     SLACcitation  = "%%CITATION = ZEPYA,C73,601;%%"
}

@Article{opal:Dss,
     author    = "Abbiendi, G. and others",
 collaboration = "OPAL",
     title     = "{A measurement of semileptonic B decays to narrow
                  orbitally-excited  charm mesons}",
     journal   = "Eur. Phys. J.",
     volume    = "C30",
     year      = "2003",
     pages     = "467-475",
     eprint    = "hep-ex/0301018",
     archivePrefix = "arXiv",
     doi       = "10.1140/epjc/s2003-01322-2",
     SLACcitation  = "%%CITATION = HEP-EX/0301018;%%"
}

@Article{cleo:Dss,
     author    = "Anastassov, A. and others",
 collaboration = "CLEO",
     title     = "{Investigation of semileptonic B meson decay to P-wave
                  charm mesons}",
     journal   = "Phys. Rev. Lett.",
     volume    = "80",
     year      = "1998",
     pages     = "4127-4131",
     eprint    = "hep-ex/9708035",
     archivePrefix = "arXiv",
     doi       = "10.1103/PhysRevLett.80.4127",
     SLACcitation  = "%%CITATION = HEP-EX/9708035;%%"
}

@Article{D0:Dss,
     author    = "Abazov, V. M. and others",
 collaboration = "D0",
     title     = "{Measurement of semileptonic branching fractions of $B$
                  mesons to narrow $D^{**}$ states}",
     journal   = "Phys. Rev. Lett.",
     volume    = "95",
     year      = "2005",
     pages     = "171803",
     eprint    = "hep-ex/0507046",
     archivePrefix = "arXiv",
     doi       = "10.1103/PhysRevLett.95.171803",
     SLACcitation  = "%%CITATION = HEP-EX/0507046;%%"
}

@Article{Aubert:2009_4,
     author    = "Aubert, Bernard and others",
 collaboration = "\babar",
     title     = "{Measurement of the Branching Fractions of $Bbar \to D^{**}
                  l^- \bar{\nu}_{l}$ decays in Events Tagged by a Fully
                  Reconstructed B Meson}",
     journal   = "Phys. Rev. Lett.",
     volume    = "101",
     year      = "2008",
     pages     = "261802",
     eprint    = "0808.0528",
     archivePrefix = "arXiv",
     primaryClass  =  "hep-ex",
     doi       = "10.1103/PhysRevLett.101.261802",
     SLACcitation  = "%%CITATION = 0808.0528;%%"
}

@Article{Aubert:2009_5,
     author    = "Aubert, Bernard and others",
 collaboration = "\babar",
     title     = "{Measurement of Semileptonic B Decays into Orbitally
                  Excited Charmed Mesons}",
     journal   = "Phys. Rev. Lett.",
     volume    = "103",
     year      = "2009",
     pages     = "051803",
     eprint    = "0808.0333",
     archivePrefix = "arXiv",
     primaryClass  =  "hep-ex",
     doi       = "10.1103/PhysRevLett.103.051803",
     SLACcitation  = "%%CITATION = 0808.0333;%%"
}

% TJG delete Delphi:Dss which is elsewhere (correctly) as Abdallah:2005cx

@Article{Nazario, 
     author    = "de Divitiis, G. M. and Molinaro, E. and Petronzio, R. and
                  Tantalo, N.",
     title     = "{Quenched lattice calculation of the B --> D l nu decay
                  rate}",
     journal   = "Phys. Lett.",
     volume    = "B655",
     year      = "2007",
     pages     = "45-49",
     eprint    = "0707.0582",
     archivePrefix = "arXiv",
     primaryClass  =  "hep-lat",
     doi       = "10.1016/j.physletb.2007.08.085",
     SLACcitation  = "%%CITATION = 0707.0582;%%"
}

@Article{FNAL2009, 
     author    = "Bernard, C. and others",
     title     = "{The $\bar{B} \to D^{*} \ell \bar{\nu}$ form factor at zero
                  recoil from three-flavor lattice QCD: A Model independent
                  determination of $|V_{cb}|$}",
     journal   = "Phys. Rev.",
     volume    = "D79",
     year      = "2009",
     pages     = "014506",
     eprint    = "0808.2519",
     archivePrefix = "arXiv",
     primaryClass  =  "hep-lat",
     doi       = "10.1103/PhysRevD.79.014506",
     SLACcitation  = "%%CITATION = 0808.2519;%%"
}

% TJG moved Isgur:1991wq to EndOfYear11.bib

% TJG deleted BABARSEMI; given (correctly) as Aubert:2005cua in EndOfYear11.bib

@Article{Adam:2007pv,
     author    = "Adam, N. E. and others",
 collaboration = "CLEO",
     title     = "{A Study of Exclusive Charmless Semileptonic $B$ Decay and
                  $|V_{ub}|$}",
     journal   = "Phys. Rev. Lett.",
     volume    = "99",
     year      = "2007",
     pages     = "041802",
     eprint    = "hep-ex/0703041",
     archivePrefix = "arXiv",
     doi       = "10.1103/PhysRevLett.99.041802",
     SLACcitation  = "%%CITATION = HEP-EX/0703041;%%"
}

@Article{Aubert:2006px,
     author    = "Aubert, Bernard and others",
 collaboration = "\babar",
     title     = "{Measurement of the $B^0 \to \pi^{-} \ell^{+} \nu$ form-
                  factor shape and branching fraction, and determination of
                  $|V_{ub}|$ with a loose neutrino reconstruction
                  technique}",
     journal   = "Phys. Rev. Lett.",
     volume    = "98",
     year      = "2007",
     pages     = "091801",
     eprint    = "hep-ex/0612020",
     archivePrefix = "arXiv",
     doi       = "10.1103/PhysRevLett.98.091801",
     SLACcitation  = "%%CITATION = HEP-EX/0612020;%%"
}

@Article{Hokuue:2006nr,
     author    = "Hokuue, T. and others",
 collaboration = "Belle",
     title     = "{Measurements of branching fractions and $q^2$
                  distributions for $B \to \pi \ell \nu$ and $B \to \rho \ell
                  \nu$ Decays with $B \to D^{(*)} \ell \nu$ Decay Tagging}",
     journal   = "Phys. Lett.",
     volume    = "B648",
     year      = "2007",
     pages     = "139-148",
     eprint    = "hep-ex/0604024",
     archivePrefix = "arXiv",
     doi       = "10.1016/j.physletb.2007.02.067",
     SLACcitation  = "%%CITATION = HEP-EX/0604024;%%"
}


@Article{Ha:2010rf,
     author    = "H.~Ha {\it et al.}",
 collaboration = "Belle",
     title     = "{Measurement of the decay $B^0\to\pi^-\ell^+\nu$ and determination of $|V_{ub}|$}",
     journal   = "Phys. Rev.",
     volume    = "D83",
     year      = "2011",
     pages     = "071101",
     eprint    = "1012.0090 [hep-ex]",
     archivePrefix = "arXiv",
     primaryClass  =  "hep-ex"
}

% replaced :2008gka TJG 13/5/2012
@article{Aubert:2008bf,
      author         = "Aubert, Bernard and others",
      title          = "{Measurements of $B \to \{\pi, \eta, \eta^\prime\} \ell
                        \nu_{\ell}$ Branching Fractions and Determination of
                        $|V_{ub}|$ with Semileptonically Tagged $B$ Mesons}",
      collaboration  = "\babar",
      journal        = "Phys.Rev.Lett.",
      volume         = "101",
      pages          = "081801",
      doi            = "10.1103/PhysRevLett.101.081801",
      year           = "2008",
      eprint         = "0805.2408",
      archivePrefix  = "arXiv",
      primaryClass   = "hep-ex",
      reportNumber   = "SLAC-PUB-13215, BABAR-PUB-08-013",
      SLACcitation   = "%%CITATION = ARXIV:0805.2408;%%",
}

@Article{Aubert:2006ry,
     author    = "Aubert, Bernard and others",
 collaboration = "\babar",
     title     = "{Measurement of the $B \to \pi \ell \nu$ Branching Fraction
                  and Determination of $|V_{ub}|$ with Tagged $B$ Mesons}",
     journal   = "Phys. Rev. Lett.",
     volume    = "97",
     year      = "2006",
     pages     = "211801",
     eprint    = "hep-ex/0607089",
     archivePrefix = "arXiv",
     doi       = "10.1103/PhysRevLett.97.211801",
     SLACcitation  = "%%CITATION = HEP-EX/0607089;%%"
}

@Article{:2008kn,
     author    = "Adachi, I. and others",
 collaboration = "Belle",
     title     = "{Measurement of exclusive B to Xu l nu decays using full-
                  reconstruction tagging at Belle}",
     year      = "2008",
     eprint    = "0812.1414",
     archivePrefix = "arXiv",
     primaryClass  =  "hep-ex",
     SLACcitation  = "%%CITATION = 0812.1414;%%"
}

@article{Khodjamirian:2011ub,
      author         = "Khodjamirian, A. and Mannel, Th. and Offen, N. and Wang,
                        Y.-M.",
      title          = "{$B \to \pi \ell \nu_l$ Width and $|V_{ub}|$ from QCD
                        Light-Cone Sum Rules}",
      journal        = "Phys.Rev.",
      volume         = "D83",
      pages          = "094031",
      doi            = "10.1103/PhysRevD.83.094031",
      year           = "2011",
      eprint         = "1103.2655",
      archivePrefix  = "arXiv",
      primaryClass   = "hep-ph",
      reportNumber   = "SI-HEP-2011-3",
      SLACcitation   = "%%CITATION = ARXIV:1103.2655;%%",
}

@Article{Ball:2004ye,
     author    = "Ball, Patricia and Zwicky, Roman",
     title     = "{New Results on B->pi, K, eta Decay Formfactors from Light-
                  Cone Sum Rules}",
     journal   = "Phys. Rev.",
     volume    = "D71",
     year      = "2005",
     pages     = "014015",
     eprint    = "hep-ph/0406232",
     archivePrefix = "arXiv",
     doi       = "10.1103/PhysRevD.71.014015",
     SLACcitation  = "%%CITATION = HEP-PH/0406232;%%"
}

@Article{Dalgic:2006dt,
     author    = "Dalgic, Emel and others",
     title     = "{B Meson Semileptonic Form Factors from Unquenched Lattice
                  QCD}",
     journal   = "Phys. Rev.",
     volume    = "D73",
     year      = "2006",
     pages     = "074502",
     eprint    = "hep-lat/0601021",
     archivePrefix = "arXiv",
     doi       = "10.1103/PhysRevD.73.074502",
     SLACcitation  = "%%CITATION = HEP-LAT/0601021;%%"
}

@Article{Okamoto:2004xg,
     author    = "Okamoto, M. and others",
     title     = "{Semileptonic D --> pi / K and B --> pi / D decays in 2+1
                  flavor lattice  QCD}",
     journal   = "Nucl. Phys. Proc. Suppl.",
     volume    = "140",
     year      = "2005",
     pages     = "461-463",
     eprint    = "hep-lat/0409116",
     archivePrefix = "arXiv",
     doi       = "10.1016/j.nuclphysbps.2004.11.151",
     SLACcitation  = "%%CITATION = HEP-LAT/0409116;%%"
}

@article{Bailey:2008wp,
      author         = "Bailey, Jon A. and Bernard, C. and DeTar, Carleton E. and
                        Di Pierro, M. and El-Khadra, A.X. and others",
      title          = "{The $B \to \pi \ell \nu$ semileptonic form factor from
                        three-flavor lattice QCD: A Model-independent
                        determination of $|V_{ub}|$}",
      journal        = "Phys.Rev.",
      volume         = "D79",
      pages          = "054507",
      doi            = "10.1103/PhysRevD.79.054507",
      year           = "2009",
      eprint         = "0811.3640",
      archivePrefix  = "arXiv",
      primaryClass   = "hep-lat",
      reportNumber   = "FERMILAB-PUB-08-541-T",
      SLACcitation   = "%%CITATION = ARXIV:0811.3640;%%",
}

@Article{Abada:2000ty,
     author    = "Abada, A. and others",
     title     = "{Heavy --> light semileptonic decays of pseudoscalar mesons
                  from lattice  QCD}",
     journal   = "Nucl. Phys.",
     volume    = "B619",
     year      = "2001",
     pages     = "565-587",
     eprint    = "hep-lat/0011065",
     archivePrefix = "arXiv",
     doi       = "10.1016/S0550-3213(01)00494-1",
     SLACcitation  = "%%CITATION = HEP-LAT/0011065;%%"
}

@Article{Behrens:1999vv,
     author    = "Behrens, B. H. and others",
 collaboration = "CLEO",
     title     = "{Measurement of B --> rho l nu decay and |V(ub)|}",
     journal   = "Phys. Rev.",
     volume    = "D61",
     year      = "2000",
     pages     = "052001",
     eprint    = "hep-ex/9905056",
     archivePrefix = "arXiv",
     doi       = "10.1103/PhysRevD.61.052001",
     SLACcitation  = "%%CITATION = HEP-EX/9905056;%%"
}

@Article{Aubert:2005cd,
     author    = "Aubert, Bernard and others",
 collaboration = "\babar",
     title     = "{Study of $B \to \pi \ell \nu$ and $B \to \rho \ell \nu$
                  decays and determination of  $|V_{ub}|$}",
     journal   = "Phys. Rev.",
     volume    = "D72",
     year      = "2005",
     pages     = "051102",
     eprint    = "hep-ex/0507003",
     archivePrefix = "arXiv",
     doi       = "10.1103/PhysRevD.72.051102",
     SLACcitation  = "%%CITATION = HEP-EX/0507003;%%"
}

@Article{Aubert:2008ct,
     author    = "Aubert, Bernard and others",
 collaboration = "\babar",
     title     = "{Measurement of the $B^{+} \to \omega \ell^{+} \nu$ and
                  $B^{+}$ -- $\to \eta \ell^{+} \nu$ Branching Fractions}",
     journal   = "Phys. Rev.",
     volume    = "D79",
     year      = "2009",
     pages     = "052011",
     eprint    = "0808.3524",
     archivePrefix = "arXiv",
     primaryClass  =  "hep-ex",
     doi       = "10.1103/PhysRevD.79.052011",
     SLACcitation  = "%%CITATION = 0808.3524;%%"
}

@Article{Gray:2007pw,
     author    = "Gray, R. and others",
 collaboration = "CLEO",
     title     = "{A Study of Exclusive Charmless Semileptonic $B$ Decays
                  andExtraction of $|V_{ub}|$ at CLEO}",
     journal   = "Phys. Rev.",
     volume    = "D76",
     year      = "2007",
     pages     = "012007",
     eprint    = "hep-ex/0703042",
     archivePrefix = "arXiv",
     doi       = "10.1103/PhysRevD.76.012007",
     SLACcitation  = "%%CITATION = HEP-EX/0703042;%%"
}

@Article{Athar:2003yg,
     author    = "Athar, S. B. and others",
 collaboration = "CLEO",
     title     = "{Study of the q**2 dependence of B --> pi l nu and B -->
                  rho (omega) l  nu decay and extraction of |V(ub)|}",
     journal   = "Phys. Rev.",
     volume    = "D68",
     year      = "2003",
     pages     = "072003",
     eprint    = "hep-ex/0304019",
     archivePrefix = "arXiv",
     doi       = "10.1103/PhysRevD.68.072003",
     SLACcitation  = "%%CITATION = HEP-EX/0304019;%%"
}

@Article{Aubert:2006gba,
     author    = "Aubert, Bernard and others",
 collaboration = "\babar",
     title     = "{Measurement of the $B^{+} \to \eta \ell^{+} \nu$ and
                  $B^{+} \to \eta^\prime \ell^{+} \nu$ branching fractions
                  using $\upsilon_{4S} \to B \bar{B}$ events tagged by a
                  fully reconstructed $B$ meson}",
     year      = "2006",
     eprint    = "hep-ex/0607066",
     archivePrefix = "arXiv",
     SLACcitation  = "%%CITATION = HEP-EX/0607066;%%"
}

@Article{delAmoSanchez:2010af,
     author    = "del Amo Sanchez, P. and others",
 collaboration = "\babar",
     title     = "{Study of B --> pi l nu and B --> rho l nu Decays and
                  Determination of |V_ub|}",
     journal   = "Phys. Rev.",
     volume    = "D83",
     year      = "2011",
     pages     = "032007",
     eprint    = "1005.3288",
     archivePrefix = "arXiv",
     primaryClass  =  "hep-ex",
     doi       = "10.1103/PhysRevD.83.032007",
     SLACcitation  = "%%CITATION = 1005.3288;%%"
}

@Article{delAmoSanchez:2010zd,
     author    = "del Amo Sanchez, P. and others",
 collaboration = "\babar",
     title     = "{Measurement of the B^0 --> pi^-ell^+nu and B^+ -->
                  eta^(')ell^+nu Branching Fractions, the B^0 --> pi^-ell^+nu
                  and B^+ --> eta ell^+nu Form-Factor Shapes, and
                  Determination of |V_{ub}|}",
     journal   = "Phys. Rev.",
     volume    = "D83",
     year      = "2011",
     pages     = "052011",
     eprint    = "1010.0987",
     archivePrefix = "arXiv",
     primaryClass  =  "hep-ex",
     doi       = "10.1103/PhysRevD.83.052011",
     SLACcitation  = "%%CITATION = 1010.0987;%%"
}

@article{ref:babar-finalupdate,
      author         = "Lees, J.P.",
      title          = "{Study of Bbar --&gt; Xu l nubar decays in BBbar events
                        tagged by a fully reconstructed B-meson decay and
                        determination of |V_{ub}|}",
      collaboration  = "\babar",
      year           = "2011",
      eprint         = "1112.0702",
      archivePrefix  = "arXiv",
      primaryClass   = "hep-ex",
      reportNumber   = "BABAR-PUB-11-014, SLAC-PUB-14811",
      SLACcitation   = "%%CITATION = ARXIV:1112.0702;%%",
}

%%% newly added, Christoph Schwanda, May 2012

@article{Dungel:2010uk,
      author         = "Dungel, W. and others",
      title          = "{Measurement of the form factors of the decay B0 -&gt;
                        D*- ell+ nu and determination of the CKM matrix element
                        |Vcb|}",
      collaboration  = "Belle",
      journal        = "Phys.Rev.",
      volume         = "D82",
      pages          = "112007",
      doi            = "10.1103/PhysRevD.82.112007",
      year           = "2010",
      eprint         = "1010.5620",
      archivePrefix  = "arXiv",
      primaryClass   = "hep-ex",
      SLACcitation   = "%%CITATION = ARXIV:1010.5620;%%",
}

@article{Bailey:2010gb,
      author         = "Bailey, Jon A. and others",
      title          = "{$B\to D^*\ell\nu$ at zero recoil: an update}",
      collaboration  = "Fermilab Lattice and MILC collaborations",
      journal        = "PoS",
      volume         = "LATTICE2010",
      pages          = "311",
      year           = "2010",
      eprint         = "1011.2166",
      archivePrefix  = "arXiv",
      primaryClass   = "hep-lat",
      reportNumber   = "FERMILAB-CONF-10-450-T",
      SLACcitation   = "%%CITATION = ARXIV:1011.2166;%%",
}

@article{Gambino:2011cq,
      author         = "Gambino, Paolo",
      title          = "{B semileptonic moments at NNLO}",
      journal        = "JHEP",
      volume         = "1109",
      pages          = "055",
      year           = "2011",
      eprint         = "1107.3100",
      archivePrefix  = "arXiv",
      primaryClass   = "hep-ph",
      SLACcitation   = "%%CITATION = ARXIV:1107.3100;%%",
}

@article{Dehnadi:2011gc,
      author         = "Dehnadi, Bahman and Hoang, Andre H. and Mateu, Vicent and
                        Zebarjad, S. Mohammad",
      title          = "{Charm Mass Determination from QCD Charmonium Sum Rules
                        at Order alpha_s^3}",
      year           = "2011",
      eprint         = "1102.2264",
      archivePrefix  = "arXiv",
      primaryClass   = "hep-ph",
      reportNumber   = "MIT-CTP-4208, MPP-2011-4, IFIC-11-04, UWTHPH-2011-1,
                        LPN11-05",
      SLACcitation   = "%%CITATION = ARXIV:1102.2264;%%",
}
