@article{Aoki:2013ldr,
      author         = "Aoki, Sinya and Aoki, Yasumichi and Bernard, Claude and
                        Blum, Tom and Colangelo, Gilberto and others",
      title          = "{Review of lattice results concerning low-energy particle
                        physics}",
      journal        = "Eur.Phys.J.",
      number         = "9",
      volume         = "C74",
      pages          = "2890",
      doi            = "10.1140/epjc/s10052-014-2890-7",
      year           = "2014",
      eprint         = "1310.8555",
      archivePrefix  = "arXiv",
      primaryClass   = "hep-lat",
      reportNumber   = "CP3-ORIGINS-2013-040-DNRF90, DIAS-2013-40,
                        FERMILAB-PUB-13-484-T, FTUAM-13-28, IFIC-13-76,
                        IFT-UAM-CSIC-13-106, MITP-13-067, YITP-13-114",
      SLACcitation   = "%%CITATION = ARXIV:1310.8555;%%",
}

@misc{Hayasaka:2011aa,
  author = {Hayasaka, K.},
  collaboration = {Belle},
  title = "{Recent LFV results on tau lepton from Belle}",
  howpublished = "{presented at the International Workshop on
                   $e^+e^-$ collisions from Phi to Psi (PHIPSI11),
                   Novosibirsk, 19-22 Sep}",
  year = {2011},
  note = "{to be published in Nucl.\ Phys.\ B Proceedings Supplement}",
  url = {http://phipsi11.inp.nsk.su/talks/phipsi11_hayasaka.pdf},
}

@article{Lees:2012de,
      author         = "Lees, J.~P. and others",
      title          = "{The branching fraction of $\tau^- \to \pi^- K^0_S
                        K^0_S (\pi^0) \nu_\tau$ decays}",
      collaboration  = "{\babar}",
      journal        = "Phys. Rev.",
      volume         = "D86",
      pages          = "092013",
      doi            = "10.1103/PhysRevD.86.092013",
      year           = "2012",
      eprint         = "1208.0376",
      archivePrefix  = "arXiv",
      primaryClass   = "hep-ex",
      reportNumber   = "BABAR-PUB-12-021, SLAC-PUB-15206",
      SLACcitation   = "%%CITATION = ARXIV:1208.0376;%%",
}

@article{Lees:2012ks,
      author         = "Lees, J.~P. and others",
      title          = "{Study of high-multiplicity 3-prong and 5-prong tau
                        decays at \babar}",
      collaboration  = "{\babar}",
      journal        = "Phys. Rev.",
      volume         = "D86",
      pages          = "092010",
      doi            = "10.1103/PhysRevD.86.092010",
      year           = "2012",
      eprint         = "1209.2734",
      archivePrefix  = "arXiv",
      primaryClass   = "hep-ex",
      reportNumber   = "SLAC-PUB-15047, BABAR-BAD-NOTE-2416",
      SLACcitation   = "%%CITATION = ARXIV:1209.2734;%%",
 }

@article{Belous:2013dba,
      author         = "Belous, K. and others",
      title          = "{Measurement of the $\tau$-lepton lifetime at Belle}",
      collaboration  = "{Belle}",
      journal        = "Phys. Rev. Lett.",
      volume         = "112",
      pages          = "031801",
      doi            = "10.1103/PhysRevLett.112.031801",
      year           = "2014",
      eprint         = "1310.8503",
      archivePrefix  = "arXiv",
      primaryClass   = "hep-ex",
      SLACcitation   = "%%CITATION = ARXIV:1310.8503;%%",
}

@article{Ryu:2014vpc,
      author         = "Ryu, S. and others",
      title          = "{Measurements of Branching Fractions of $\tau$ Lepton
                        Decays with one or more $K^{0}_{S}$}",
      collaboration  = "{Belle}",
      journal        = "Phys. Rev.",
      volume         = "D89",
      pages          = "072009",
      doi            = "10.1103/PhysRevD.89.072009",
      year           = "2014",
      eprint         = "1402.5213",
      archivePrefix  = "arXiv",
      primaryClass   = "hep-ex",
      SLACcitation   = "%%CITATION = ARXIV:1402.5213;%%",
}

@article{Antonelli:2010yf,
      author         = "Antonelli, M. and Cirigliano, V. and Isidori, G. and
                        Mescia, F. and Moulson, M. and others",
      title          = "{An Evaluation of $|V_{us}|$ and precise tests of the
                        Standard Model from world data on leptonic and
                        semileptonic kaon decays}",
      journal        = "Eur. Phys. J.",
      volume         = "C69",
      pages          = "399-424",
      doi            = "10.1140/epjc/s10052-010-1406-3",
      year           = "2010",
      eprint         = "1005.2323",
      archivePrefix  = "arXiv",
      primaryClass   = "hep-ph",
      reportNumber   = "ICCUB-10-021, UB-ECM-PF-10-009, IFIC-10-12",
      SLACcitation   = "%%CITATION = ARXIV:1005.2323;%%",
}

@article{Alcaraz:2006mx,
  author = {Alcaraz, J. and others},
  title = {{A Combination of preliminary electroweak measurements and constraints
	on the standard model}},
  year = {2006},
  archiveprefix = {arXiv},
  collaboration = {ALEPH},
  eprint = {hep-ex/0612034},
  slaccitation = {%%CITATION = HEP-EX/0612034;%%}
}

@article{Ambrosino:2009rv,
  author = {Ambrosino, F. and others},
  title = {{Precise measurement of B(K\to e\nu(\gamma))/B(K\to \mu\nu(\gamma))
	and study of K\to e\nu\gamma}},
  journal = {Eur. Phys. J.},
  year = {2009},
  volume = {C64},
  pages = {627-636},
  archiveprefix = {arXiv},
  collaboration = {KLOE},
  doi = {10.1140/epjc/s10052-009-1177-x},
  eprint = {0907.3594},
  primaryclass = {hep-ex},
  slaccitation = {%%CITATION = 0907.3594;%%}
}

@article{Banerjee:2008hg,
      author         = "Banerjee, Swagato",
      title          = "{{Lepton Universality, |V(us)| and search for second
                        class current in tau decays}}",
      collaboration = {\babar},
      year           = "2008",
      eprint         = "0811.1429",
      archivePrefix  = "arXiv",
      primaryClass   = "hep-ex",
      reportNumber   = "SLAC-PUB-14714",
      note = {presented {at ICHEP08, Philadelphia, USA, July, 2008}},
      SLACcitation   = "%%CITATION = ARXIV:0811.1429;%%",
}

@article{Banerjee:2011az,
  author = {Banerjee, Swagato and Hayasaka, Kiyoshi and Hayashii, Hisaki and
	Lusiani, Alberto and Roney, J.Michael and others},
  title = {{Status Report from Tau subgroup of the HFAG}},
  journal = {Nucl. Phys. Proc. Suppl.},
  year = {2011},
  volume = {218},
  pages = {329-334},
  archiveprefix = {arXiv},
  doi = {10.1016/j.nuclphysbps.2011.06.053},
  eprint = {1101.5138},
  primaryclass = {hep-ex},
  slaccitation = {%%CITATION = ARXIV:1101.5138;%%}
}

@article{Banerjee:2007is,
  author = {Banerjee, Swagato and Pietrzyk, Bolek and Roney, J. Michael and Was,
	Zbigniew},
  title = {{Tau and muon pair production cross-sections in electron- positron
	annihilations at sqrt{s} = 10.58 GeV}},
  journal = {Phys. Rev.},
  year = {2008},
  volume = {D77},
  pages = {054012},
  archiveprefix = {arXiv},
  doi = {10.1103/PhysRevD.77.054012},
  eprint = {0706.3235},
  primaryclass = {hep-ph},
  slaccitation = {%%CITATION = 0706.3235;%%}
}

@article{Britton:1992pg,
  author = {Britton, D. I. and others},
  title = {{Measurement of the $\pi^+ \rightarrow e^+ \nu$ branching ratio}},
  journal = {Phys. Rev. Lett.},
  year = {1992},
  volume = {68},
  pages = {3000-3003},
  doi = {10.1103/PhysRevLett.68.3000},
  slaccitation = {%%CITATION = PRLTA,68,3000;%%}
}

@article{Cirigliano:2007ga,
  author = {Cirigliano, Vincenzo and Rosell, Ignasi},
  title = {{pi/K -> e nu branching ratios to O(e^2 p^4) in Chiral Perturbation
	Theory}},
  journal = {JHEP},
  year = {2007},
  volume = {10},
  pages = {005},
  archiveprefix = {arXiv},
  doi = {10.1088/1126-6708/2007/10/005},
  eprint = {0707.4464},
  primaryclass = {hep-ph},
  slaccitation = {%%CITATION = 0707.4464;%%}
}

@article{Czapek:1993kc,
  author = {Czapek, G. and others},
  title = {{Branching ratio for the rare pion decay into positron and neutrino}},
  journal = {Phys. Rev. Lett.},
  year = {1993},
  volume = {70},
  pages = {17-20},
  doi = {10.1103/PhysRevLett.70.17},
  slaccitation = {%%CITATION = PRLTA,70,17;%%}
}

@misc{Davier:hfagtau09,
  author = {Davier, Michel},
  howpublished = {private communication},
  year = {2011}
}

@misc{Maltman:oct2014,
  author = {Maltman, Kim},
  howpublished = {private communication},
  year = {2014}
}

@article{Decker:1994ea,
  author = {Decker, Roger and Finkemeier, Markus},
  title = {{Short and long distance effects in the decay tau --> pi tau-neutrino
	(gamma)}},
  journal = {Nucl. Phys.},
  year = {1995},
  volume = {B438},
  pages = {17-53},
  archiveprefix = {arXiv},
  doi = {10.1016/0550-3213(95)00597-L},
  eprint = {hep-ph/9403385},
  slaccitation = {%%CITATION = HEP-PH/9403385;%%}
}

@article{Decker:1994dd,
  author = {Decker, R. and Finkemeier, M.},
  title = {{Radiative corrections to the decay tau --> pi (K) tau-neutrino.
	2}},
  journal = {Phys. Lett.},
  year = {1994},
  volume = {B334},
  pages = {199-202},
  doi = {10.1016/0370-2693(94)90611-4},
  slaccitation = {%%CITATION = PHLTA,B334,199;%%}
}

@article{Erler:2002mv,
  author = {Erler, Jens},
  title = {{Electroweak radiative corrections to semileptonic tau decays}},
  journal = {Rev. Mex. Fis.},
  year = {2004},
  volume = {50},
  pages = {200-202},
  archiveprefix = {arXiv},
  eprint = {hep-ph/0211345},
  slaccitation = {%%CITATION = HEP-PH/0211345;%%}
}

@article{Gamiz:2007qs,
  author = {Gamiz, Elvira and Jamin, Matthias and Pich, Antonio and Prades, Joaquim
	and Schwab, Felix},
  title = {{Theoretical progress on the Vus determination from tau decays}},
  journal = {PoS},
  year = {2008},
  volume = {KAON},
  pages = {008},
  archiveprefix = {arXiv},
  eprint = {0709.0282},
  primaryclass = {hep-ph},
  slaccitation = {%%CITATION = 0709.0282;%%}
}

@article{Gamiz:2006xx,
  author = {Gamiz, Elvira and Jamin, Matthias and Pich, Antonio and Prades, Joaquim
	and Schwab, Felix},
  title = {{|V(us)| and m(s) from hadronic tau decays}},
  journal = {Nucl. Phys. Proc. Suppl.},
  year = {2007},
  volume = {169},
  pages = {85-89},
  archiveprefix = {arXiv},
  doi = {10.1016/j.nuclphysbps.2007.02.053},
  eprint = {hep-ph/0612154},
  slaccitation = {%%CITATION = HEP-PH/0612154;%%}
}

@article{Goudzovski:2010uk,
  author = {Goudzovski, Evgueni},
  title = {{Lepton flavour universality test at the CERN NA62 experiment}},
  year = {2010},
  archiveprefix = {arXiv},
  collaboration = {NA62},
  eprint = {1008.1219},
  primaryclass = {hep-ex},
  slaccitation = {%%CITATION = 1008.1219;%%}
}

@article{Hardy:2008gy,
  author = {Hardy, J. C. and Towner, I. S.},
  title = {{Superallowed 0+ to 0+ nuclear beta decays: A new survey with precision
	tests of the conserved vector current hypothesis and the standard
	model}},
  journal = {Phys. Rev.},
  year = {2009},
  volume = {C79},
  pages = {055502},
  archiveprefix = {arXiv},
  doi = {10.1103/PhysRevC.79.055502},
  eprint = {0812.1202},
  primaryclass = {nucl-ex},
  slaccitation = {%%CITATION = 0812.1202;%%}
}

@article{Jamin:2006tj,
  author = {Jamin, M. and Oller, J. A. and Pich, A.},
  title = {{Scalar K pi form factor and light quark masses}},
  journal = {Phys. Rev.},
  year = {2006},
  volume = {D74},
  pages = {074009},
  archiveprefix = {arXiv},
  doi = {10.1103/PhysRevD.74.074009},
  eprint = {hep-ph/0605095},
  slaccitation = {%%CITATION = HEP-PH/0605095;%%}
}

% TJG deleted Laiho:2009eu:web and Laiho:2009eu; use Laiho:2009eu_mod defined in EndOfYear11.bib

@article{Maltman:2010hb,
      author         = "Maltman, Kim",
      title          = "{A Critical look at $V_us$ determinations from hadronic
                        $\tau$ decay data}",
      journal        = "Nucl. Phys. Proc. Suppl.",
      volume         = "218",
      pages          = "146-151",
      doi            = "10.1016/j.nuclphysbps.2011.06.025",
      year           = "2011",
      eprint         = "1011.6391",
      archivePrefix  = "arXiv",
      primaryClass   = "hep-ph",
      SLACcitation   = "%%CITATION = ARXIV:1011.6391;%%",
}

@article{Marciano:1988vm,
  author = {Marciano, W.J. and Sirlin, A.},
  title = {{Electroweak Radiative Corrections to tau Decay}},
  journal = {Phys. Rev. Lett.},
  year = {1988},
  volume = {61},
  pages = {1815-1818},
  doi = {10.1103/PhysRevLett.61.1815},
  slaccitation = {%%CITATION = PRLTA,61,1815;%%}
}

@article{Marciano:2004uf,
  author = {Marciano, William J.},
  title = {{Precise determination of |V(us)| from lattice calculations of pseudoscalar
	decay constants}},
  journal = {Phys. Rev. Lett.},
  year = {2004},
  volume = {93},
  pages = {231803},
  archiveprefix = {arXiv},
  doi = {10.1103/PhysRevLett.93.231803},
  eprint = {hep-ph/0402299},
  slaccitation = {%%CITATION = HEP-PH/0402299;%%}
}

@article{Marciano:1993sh,
  author = {Marciano, William J. and Sirlin, A.},
  title = {{Radiative corrections to pi(lepton 2) decays}},
  journal = {Phys. Rev. Lett.},
  year = {1993},
  volume = {71},
  pages = {3629-3632},
  doi = {10.1103/PhysRevLett.71.3629},
  slaccitation = {%%CITATION = PRLTA,71,3629;%%}
}

@article{Mohr:2012tt,
      author         = "Mohr, Peter J. and Taylor, Barry N. and Newell, David B.",
      title          = "{CODATA Recommended Values of the Fundamental Physical
                        Constants: 2010}",
      journal        = "Rev. Mod. Phys.",
      volume         = "84",
      pages          = "1527-1605",
      doi            = "10.1103/RevModPhys.84.1527",
      year           = "2012",
      eprint         = "1203.5425",
      archivePrefix  = "arXiv",
      primaryClass   = "physics.atom-ph",
      SLACcitation   = "%%CITATION = ARXIV:1203.5425;%%",
}

@article{Mohr:2008fa,
  author = {Mohr, Peter J. and Taylor, Barry N. and Newell, David B.},
  title = {{CODATA Recommended Values of the Fundamental Physical Constants:
	2006}},
  journal = {Rev. Mod. Phys.},
  year = {2008},
  volume = {80},
  pages = {633-730},
  archiveprefix = {arXiv},
  doi = {10.1103//RevModPhys.80.633},
  eprint = {0801.0028},
  primaryclass = {physics.atom-ph},
  slaccitation = {%%CITATION = ARXIV:0801.0028;%%}
}

@article{Ryu:2012pm,
      author         = "Ryu, S.",
      title = {{Measurement of the branching fractions for
                $\tau^{-}\to \pi^{-}K_{S}\pi^{0}\nu_{\tau}$ and
                $\tau^{-}\to K^{-}K_{S}\pi^{0}\nu_{\tau}$ }},
      collaboration  = "Belle",
      journal        = "Nucl.Phys.Proc.Suppl.",
      volume         = "225-227",
      pages          = "179-183",
      doi            = "10.1016/j.nuclphysbps.2012.02.038",
      year           = "2012",
      SLACcitation   = "%%CITATION = NUPHZ,225-227,179;%%",
}

@article{Shamov:2009zz,
  author = {Shamov, A. G. and others},
  title = {{Tau mass measurement at KEDR}},
  journal = {Nucl. Phys. Proc. Suppl.},
  year = {2009},
  volume = {189},
  pages = {21-23},
  doi = {10.1016/j.nuclphysbps.2009.03.005},
  slaccitation = {%%CITATION = NUPHZ,189,21;%%}
}

@article{Tsai:1971vv,
  author = {Tsai, Yung-Su},
  title = {{Decay Correlations of Heavy Leptons in e+ e- $\to$ Lepton+ Lepton-}},
  journal = {Phys. Rev.},
  year = {1971},
  volume = {D4},
  pages = {2821},
  doi = {10.1103/PhysRevD.4.2821},
  slaccitation = {%%CITATION = PHRVA,D4,2821;%%}
}

@article{Hayasaka:2011zz,
      author         = "Hayasaka, Kiyoshi",
      title          = "{Tau lepton physics at Belle}",
      journal        = "J. Phys. Conf. Ser.",
      volume         = "335",
      pages          = "012029",
      year           = "2011",
      collaboration  = {Belle},
      SLACcitation   = "%%CITATION = 00462,335,012029;%%",
      doi = {10.1088/1742-6596/335/1/012029},
}

@article{Miyazaki:2012mx,
      author         = "Miyazaki, Y. and others",
      title          = "{Search for Lepton-Flavor-Violating and
                        Lepton-Number-Violating $\tau \to \ell h h^\prime$ Decay
                        Modes}",
      collaboration  = "{Belle}",
      journal        = "Phys. Lett.",
      volume         = "B719",
      pages          = "346-353",
      doi            = "10.1016/j.physletb.2013.01.032",
      year           = "2013",
      eprint         = "1206.5595",
      archivePrefix  = "arXiv",
      primaryClass   = "hep-ex",
      reportNumber   = "KEK-PREPRINT-2011-31, BELLE-PREPRINT-2012-8",
      SLACcitation   = "%%CITATION = ARXIV:1206.5595;%%",
}

@article{Hayasaka:2012pj,
      author         = "Hayasaka, K.",
      title          = "{Recent LFV results on tau lepton from Belle}",
      collaboration  = "Belle",
      journal        = "Nucl.Phys.Proc.Suppl.",
      volume         = "225-227",
      pages          = "169-172",
      doi            = "10.1016/j.nuclphysbps.2012.02.036",
      year           = "2012",
      SLACcitation   = "%%CITATION = NUPHZ,225-227,169;%%",
}

@article{Miyazaki:2011xe,
  author = {Miyazaki, Y. },
  title = {{Search for Lepton-Flavor-Violating tau Decays into a Lepton and
	a Vector Meson}},
  journal = {Phys. Lett.},
  year = {2011},
  volume = {B699},
  pages = {251-257},
  archiveprefix = {arXiv},
  collaboration = {Belle},
  doi = {10.1016/j.physletb.2011.04.011},
  eprint = {1101.0755},
  primaryclass = {hep-ex},
  reportnumber = {KEK-PREPRINT-2010-42, BELLE-PREPRINT-2010-24, NTLP-PREPRINT-2010-05},
  slaccitation = {%%CITATION = ARXIV:1101.0755;%%}
}

@article{Lees:2010ez,
      author         = "Lees, J.~P. and others",
      title          = "{Limits on tau Lepton-Flavor Violating Decays in three
                        charged leptons}",
      collaboration  = "{\babar}",
      journal        = "Phys. Rev.",
      volume         = "D81",
      pages          = "111101",
      doi            = "10.1103/PhysRevD.81.111101",
      year           = "2010",
      eprint         = "1002.4550",
      archivePrefix  = "arXiv",
      primaryClass   = "hep-ex",
      reportNumber   = "BABAR-PUB-09-033, SLAC-PUB-14009",
      SLACcitation   = "%%CITATION = ARXIV:1002.4550;%%",
}

@article{Lafferty:2007zz,
      author         = "Lafferty, G.D.",
      title          = "{Lepton flavour violation and baryon number
                        non-conservation in $\tau^- \to- \Lambda + h$ }",
      collaboration  = "{\babar}",
      journal        = "Nucl. Phys. Proc. Suppl.",
      volume         = "169",
      pages          = "186-191",
      doi            = "10.1016/j.nuclphysbps.2007.02.111",
      year           = "2007",
      reportNumber   = "SLAC-PUB-13006",
      SLACcitation   = "%%CITATION = NUPHZ,169,186;%%",
}
@article{Aaij:2014azz,
      author         = "Aaij, Roel and others",
      title          = "{Search for the lepton flavour violating decay $\tau^-\to
                        \mu^-\mu^+\mu^-$}",
      collaboration  = "LHCb",
      year           = "2014",
      eprint         = "1409.8548",
      archivePrefix  = "arXiv",
      primaryClass   = "hep-ex",
      reportNumber   = "LHCB-PAPER-2014-052, CERN-PH-EP-2014-236",
      SLACcitation   = "%%CITATION = ARXIV:1409.8548;%%",
}
@article{Aaij:2013fia,
      author         = "Aaij, R and others",
      title          = "{Searches for violation of lepton flavour and baryon
                        number in tau lepton decays at LHCb}",
      collaboration  = "LHCb",
      journal        = "Phys. Lett.",
      volume         = "B724",
      pages          = "36-45",
      doi            = "10.1016/j.physletb.2013.05.063",
      year           = "2013",
      eprint         = "1304.4518",
      archivePrefix  = "arXiv",
      primaryClass   = "hep-ex",
      reportNumber   = "LHCB-PAPER-2013-014, CERN-PH-EP-2013-062",
      SLACcitation   = "%%CITATION = ARXIV:1304.4518;%%",
}
@article{Feldman:1998,
  author = "Feldman, Gary J. and Cousins, Robert D.",
  title = {Unified approach to the classical statistical analysis of small signals},
  journal = "Phys. Rev. D",
  volume = "57",
  issue = "7",
  pages = "3873--3889",
  year = "1998",
  doi = "10.1103/PhysRevD.57.3873",
}
@article{Mistlberger:2012rs,
      author         = "Mistlberger, Bernhard and Dulat, Falko",
      title          = "{Limit setting procedures and theoretical uncertainties
                        in Higgs boson searches}",
      year           = "2012",
      eprint         = "1204.3851",
      archivePrefix  = "arXiv",
      primaryClass   = "hep-ph",
      SLACcitation   = "%%CITATION = ARXIV:1204.3851;%%",
}
@misc{junk:2007:cdfnote,
  title = "{Sensitivity, Exclusion and Discovery with Small Signals, Large
            Backgrounds, and Large Systematic Uncertainties}",
  author = "Junk, Thomas",
  collaboration = "{CDF}",
  howpublished = "{CDF note 8128}",
  year = "2007",
  url = "http://www-cdf.fnal.gov/physics/statistics/notes/cdf8128_mclimit_csm_v2.pdf",
}
@article{Junk:1999kv,
      author         = "Junk, Thomas",
      title          = "{Confidence level computation for combining searches with
                        small statistics}",
      journal        = "Nucl.Instrum.Meth.",
      volume         = "A434",
      pages          = "435-443",
      doi            = "10.1016/S0168-9002(99)00498-2",
      year           = "1999",
      eprint         = "hep-ex/9902006",
      archivePrefix  = "arXiv",
      primaryClass   = "hep-ex",
      reportNumber   = "CARLETON-OPAL-PHYS-99-01, CERN-EP-99-041",
      SLACcitation   = "%%CITATION = HEP-EX/9902006;%%",
}
