@Article{Aubert:2008an,
     author    = "Aubert, Bernard and others",
 collaboration = "{\babar}",
     title     = "{Measurement of B(tau- ---> anti-K0 pi- nu(tau)) using the
                  BaBar detector}",
     journal   = "Nucl. Phys. Proc. Suppl.",
     volume    = "189",
     year      = "2009",
     pages     = "193-198",
     eprint    = "0808.1121",
     archivePrefix = "arXiv",
     primaryClass  =  "hep-ex",
     doi       = "10.1016/j.nuclphysbps.2009.03.034",
     SLACcitation  = "%%CITATION = 0808.1121;%%",
     note = "contributed to 34th International Conference on High Energy
             Physics (ICHEP 2008), Philadelphia, Pennsylvania,
             30 Jul - 5 Aug 2008",
}
@Article{Paramesvaran:2009ec,
     author    = "Paramesvaran, S.",
 collaboration = "{\babar}",
     title     = "{Selected topics in tau physics from BaBar}",
     year      = "2009",
     eprint    = "0910.2884",
     archivePrefix = "arXiv",
     primaryClass  =  "hep-ex",
     SLACcitation  = "%%CITATION = 0910.2884;%%",
     note = "contributed to the proceedings of Meeting of the Division
             of Particles and Fields of the American Physical Society
             (DPF 2009), Detroit, Michigan, 26-31 Jul 2009",
}

@article{delAmoSanchez:2010pc,
      author         = "del Amo Sanchez, P. and others",
      title          = "{Studies of tau- --> eta K-nu and tau- --> eta
                        pi- nu(tau) at BaBar and a search for a second-class
                        current}",
      collaboration  = "{\babar}",
      journal        = "Phys. Rev.",
      volume         = "D83",
      pages          = "032002",
      doi            = "10.1103/PhysRevD.83.032002",
      year           = "2011",
      eprint         = "1011.3917",
      archivePrefix  = "arXiv",
      primaryClass   = "hep-ex",
      reportNumber   = "BABAR-PUB-10-014, SLAC-PUB-14307",
      SLACcitation   = "%%CITATION = ARXIV:1011.3917;%%",
      pdgkey         = "DEL-AMO-SANCHEZ.11E",
}
@article{Aubert:2009ag,
      author         = "Aubert, Bernard and others",
      title          = "{Searches for Lepton Flavor Violation in the Decays tau+-
                        --> e+- gamma and tau+- --> mu+- gamma}",
      collaboration  = "{\babar}",
      journal        = "Phys. Rev. Lett.",
      volume         = "104",
      pages          = "021802",
      doi            = "10.1103/PhysRevLett.104.021802",
      year           = "2010",
      eprint         = "0908.2381",
      archivePrefix  = "arXiv",
      primaryClass   = "hep-ex",
      reportNumber   = "SLAC-PUB-13753, BABAR-PUB-09-026",
      SLACcitation   = "%%CITATION = ARXIV:0908.2381;%%",
      pdgkey         = "AUBERT.10B",
}
@article{Aubert:2009qj,
      author         = "Aubert, Bernard and others",
      title          = "{Measurements of Charged Current Lepton Universality and
                        |V(us)| using Tau Lepton Decays to e- nu(e)-bar nu(tau),
                        mu-bar nu(mu)-bar nu(tau), pi- nu(tau) and K- nu(tau)}",
      collaboration  = "{\babar}",
      journal        = "Phys. Rev. Lett.",
      volume         = "105",
      pages          = "051602",
      doi            = "10.1103/PhysRevLett.105.051602",
      year           = "2010",
      eprint         = "0912.0242",
      archivePrefix  = "arXiv",
      primaryClass   = "hep-ex",
      reportNumber   = "BABAR-PUB-09-018, SLAC-PUB-13846",
      SLACcitation   = "%%CITATION = ARXIV:0912.0242;%%",
      pdgkey         = "AUBERT.10F",
}
@article{Hayasaka:2010np,
      author         = "Hayasaka, K. and others",
      title          = "{Search for Lepton Flavor Violating Tau Decays into Three
                        Leptons with 719 Million Produced Tau+Tau- Pairs}",
      collaboration  = "{Belle}",
      journal        = "Phys. Lett.",
      volume         = "B687",
      pages          = "139-143",
      doi            = "10.1016/j.physletb.2010.03.037",
      year           = "2010",
      eprint         = "1001.3221",
      archivePrefix  = "arXiv",
      primaryClass   = "hep-ex",
      SLACcitation   = "%%CITATION = ARXIV:1001.3221;%%",
      pdgkey         = "HAYASAKA.10",
}
@article{Lee:2010tc,
      author         = "Lee, M.J. and others",
      title          = "{Measurement of the branching fractions and the invariant
                        mass distributions for $\tau^- \to h^-h^+h^-\nu_{\tau}$
                        decays}",
      collaboration  = "{Belle}",
      journal        = "Phys. Rev.",
      volume         = "D81",
      pages          = "113007",
      doi            = "10.1103/PhysRevD.81.113007",
      year           = "2010",
      note           = "HFAG-tau uses more detailed and numerically precise
                        information on errors and correlations that has been
                        privately provided by the Belle collaboration; the errors
                        have been symmetrized.",
      eprint         = "1001.0083",
      archivePrefix  = "arXiv",
      primaryClass   = "hep-ex",
      reportNumber   = "BELLE-PREPRINT-2009-23, KEK-PREPRINT-2009-26",
      SLACcitation   = "%%CITATION = ARXIV:1001.0083;%%",
      pdgkey         = "LEE.10",
}

@article{Miyazaki:2009wc,
      author         = "Miyazaki, Y. and others",
      title          = "{Search for Lepton Flavor and Lepton Number Violating tau
                        Decays into a Lepton and Two Charged Mesons}",
      collaboration  = "{Belle}",
      journal        = "Phys. Lett.",
      volume         = "B682",
      pages          = "355-362",
      doi            = "10.1016/j.physletb.2009.11.061",
      year           = "2010",
      eprint         = "0908.3156",
      archivePrefix  = "arXiv",
      primaryClass   = "hep-ex",
      reportNumber   = "KEK-PREPRINT-2009-20, BELLE-PREPRINT-2009-20,
                        NTLP-PREPRINT-2009-02",
      SLACcitation   = "%%CITATION = ARXIV:0908.3156;%%",
      pdgkey         = "MIYAZAKI.10",
}
@article{Miyazaki:2010qb,
      author         = "Miyazaki, Y. and others",
      title          = "{Search for Lepton Flavor Violating tau- Decays into
                        $\ell$-K0s and $\ell$-K0sK0s}",
      collaboration  = "{Belle}",
      journal        = "Phys. Lett.",
      volume         = "B692",
      pages          = "4-9",
      doi            = "10.1016/j.physletb.2010.07.012",
      year           = "2010",
      eprint         = "1003.1183",
      archivePrefix  = "arXiv",
      primaryClass   = "hep-ex",
      reportNumber   = "KEK-PREPRINT-2009-41, BELLE-PREPRINT-2010-02,
                        NTLP-PREPRINT-2010-01",
      SLACcitation   = "%%CITATION = ARXIV:1003.1183;%%",
      pdgkey         = "MIYAZAKI.10A",
}
@article{Aubert:2009ra,
      author         = "Aubert, Bernard and others",
      title          = "{Measurements of the tau mass and the mass difference of
                        the tau+ and tau- at BABAR}",
      collaboration  = "{\babar}",
      journal        = "Phys. Rev.",
      volume         = "D80",
      pages          = "092005",
      doi            = "10.1103/PhysRevD.80.092005",
      year           = "2009",
      eprint         = "0909.3562",
      archivePrefix  = "arXiv",
      primaryClass   = "hep-ex",
      reportNumber   = "SLAC-PUB-13791, BABAR-PUB-09116",
      SLACcitation   = "%%CITATION = ARXIV:0909.3562;%%",
      pdgkey         = "AUBERT.09AK",
}
@article{Aubert:2009ys,
      author         = "Aubert, Bernard and others",
      title          = "{Search for Lepton Flavor Violating Decays tau --> l-
                        K0(s) with the BABAR Experiment}",
      collaboration  = "{\babar}",
      journal        = "Phys. Rev.",
      volume         = "D79",
      pages          = "012004",
      doi            = "10.1103/PhysRevD.79.012004",
      year           = "2009",
      eprint         = "0812.3804",
      archivePrefix  = "arXiv",
      primaryClass   = "hep-ex",
      reportNumber   = "SLAC-PUB-13487, BABAR-PUB-044-08",
      SLACcitation   = "%%CITATION = ARXIV:0812.3804;%%",
      pdgkey         = "AUBERT.09D",
}
@article{Aubert:2009ap,
      author         = "Aubert, Bernard and others",
      title          = "{Improved limits on lepton flavor violating tau decays to
                        l phi, l rho, l K* and l anti-K*}",
      collaboration  = "{\babar}",
      journal        = "Phys. Rev. Lett.",
      volume         = "103",
      pages          = "021801",
      doi            = "10.1103/PhysRevLett.103.021801",
      year           = "2009",
      eprint         = "0904.0339",
      archivePrefix  = "arXiv",
      primaryClass   = "hep-ex",
      reportNumber   = "SLAC-PUB-13559, BABAR-PUB-09-002",
      SLACcitation   = "%%CITATION = ARXIV:0904.0339;%%",
      pdgkey         = "AUBERT.09W",
}
@article{Grozin:2008nw,
      author         = "Grozin, A.G. and Khriplovich, I.B. and Rudenko, A.S.",
      title          = "{Electric dipole moments, from e to tau}",
      journal        = "Phys.Atom.Nucl.",
      volume         = "72",
      pages          = "1203-1205",
      doi            = "10.1134/S1063778809070138",
      year           = "2009",
      eprint         = "0811.1641",
      archivePrefix  = "arXiv",
      primaryClass   = "hep-ph",
      SLACcitation   = "%%CITATION = ARXIV:0811.1641;%%",
      pdgkey         = "GROZIN.09A",
}
@article{Inami:2008ar,
      author         = "Inami, K. and others",
      title          = "{Precise measurement of hadronic tau-decays with an eta
                        meson}",
      collaboration  = "{Belle}",
      journal        = "Phys. Lett.",
      volume         = "B672",
      pages          = "209-218",
      doi            = "10.1016/j.physletb.2009.01.047",
      year           = "2009",
      eprint         = "0811.0088",
      archivePrefix  = "arXiv",
      primaryClass   = "hep-ex",
      reportNumber   = "BELLE-2008-28, KEK-2008-38, NTLP-2008-03",
      SLACcitation   = "%%CITATION = ARXIV:0811.0088;%%",
      pdgkey         = "INAMI.09",
}
@article{Miyazaki:2008mw,
      author         = "Miyazaki, Y. and others",
      title          = "{Search for Lepton-Flavor-Violating tau Decays into
                        Lepton and f0(980) Meson}",
      collaboration  = "{Belle}",
      journal        = "Phys. Lett.",
      volume         = "B672",
      pages          = "317-322",
      doi            = "10.1016/j.physletb.2009.01.058",
      year           = "2009",
      eprint         = "0810.3519",
      archivePrefix  = "arXiv",
      primaryClass   = "hep-ex",
      reportNumber   = "KEK-2008-37, BELLE-2008-27, NTLP-2008-01",
      SLACcitation   = "%%CITATION = ARXIV:0810.3519;%%",
      pdgkey         = "MIYAZAKI.09",
}
@article{Aubert:2007mh,
      author         = "Aubert, Bernard and others",
      title          = "{Exclusive branching fraction measurements of
                        semileptonic tau decays into three charged hadrons, tau-
                        --> phi pi- nu(tau) and tau- --> phi K- nu(tau)}",
      collaboration  = "{\babar}",
      journal        = "Phys. Rev. Lett.",
      volume         = "100",
      pages          = "011801",
      doi            = "10.1103/PhysRevLett.100.011801",
      year           = "2008",
      eprint         = "0707.2981",
      archivePrefix  = "arXiv",
      primaryClass   = "hep-ex",
      reportNumber   = "SLAC-PUB-12686, BABAR-PUB-06-060",
      SLACcitation   = "%%CITATION = ARXIV:0707.2981;%%",
      pdgkey         = "AUBERT.08",
}
@article{Aubert:2008nj,
      author         = "Aubert, Bernard and others",
      title          = "{Measurement of the $\tau^{-} \to \eta \pi^{-} \pi
                        \pi^{-} \nu_{tau}$ Branching Fraction and a Search for a
                        Second-Class Current in the $\tau^{-} \to
                        \eta^\prime$(958) $\pi^{-} \nu_{tau}$ Decay}",
      collaboration  = "{\babar}",
      journal        = "Phys. Rev.",
      volume         = "D77",
      pages          = "112002",
      doi            = "10.1103/PhysRevD.77.112002",
      year           = "2008",
      eprint         = "0803.0772",
      archivePrefix  = "arXiv",
      primaryClass   = "hep-ex",
      reportNumber   = "SLAC-PUB-13143",
      SLACcitation   = "%%CITATION = ARXIV:0803.0772;%%",
      pdgkey         = "AUBERT.08AE",
}
@article{Aubert:2007kx,
      author         = "Aubert, Bernard and others",
      title          = "{Search for lepton flavor violating decays tau+- -->
                        l+- omega (l = e, mu)}",
      collaboration  = "{\babar}",
      journal        = "Phys. Rev. Lett.",
      volume         = "100",
      pages          = "071802",
      doi            = "10.1103/PhysRevLett.100.071802",
      year           = "2008",
      eprint         = "0711.0980",
      archivePrefix  = "arXiv",
      primaryClass   = "hep-ex",
      reportNumber   = "SLAC-PUB-12971, BABAR-PUB-07-064",
      SLACcitation   = "%%CITATION = ARXIV:0711.0980;%%",
      pdgkey         = "AUBERT.08K",
}
@article{Fujikawa:2008ma,
      author         = "Fujikawa, M. and others",
      title          = "{High-Statistics Study of the tau- --> pi- pi0
                        nu(tau) Decay}",
      collaboration  = "{Belle}",
      journal        = "Phys. Rev.",
      volume         = "D78",
      pages          = "072006",
      doi            = "10.1103/PhysRevD.78.072006",
      year           = "2008",
      eprint         = "0805.3773",
      archivePrefix  = "arXiv",
      primaryClass   = "hep-ex",
      reportNumber   = "BELLE-2008-16, KEK-2008-10",
      SLACcitation   = "%%CITATION = ARXIV:0805.3773;%%",
      pdgkey         = "FUJIKAWA.08",
}
@article{Hayasaka:2007vc,
      author         = "Hayasaka, K. and others",
      title          = "{New search for tau --> mu gamma and tau --> e
                        gamma decays at Belle}",
      collaboration  = "{Belle}",
      journal        = "Phys. Lett.",
      volume         = "B666",
      pages          = "16-22",
      doi            = "10.1016/j.physletb.2008.06.056",
      year           = "2008",
      eprint         = "0705.0650",
      archivePrefix  = "arXiv",
      primaryClass   = "hep-ex",
      reportNumber   = "BELLE-PREPRINT-2007-6, KEK-PREPRINT-2006-69",
      SLACcitation   = "%%CITATION = ARXIV:0705.0650;%%",
      pdgkey         = "HAYASAKA.08",
}
@article{Miyazaki:2007zw,
      author         = "Miyazaki, Y. and others",
      title          = "{Search for Lepton Flavor Violating tau Decays into Three
                        Leptons}",
      collaboration  = "{Belle}",
      journal        = "Phys. Lett.",
      volume         = "B660",
      pages          = "154-160",
      doi            = "10.1016/j.physletb.2007.12.046",
      year           = "2008",
      eprint         = "0711.2189",
      archivePrefix  = "arXiv",
      primaryClass   = "hep-ex",
      reportNumber   = "BELLE-PREPRINT-2007-45, KEK-PREPRINT-2007-57",
      SLACcitation   = "%%CITATION = ARXIV:0711.2189;%%",
      pdgkey         = "MIYAZAKI.08",
}
@article{Nishio:2008zx,
      author         = "Nishio, Y. and others",
      title          = "{Search for lepton-flavor-violating tau --> l V0
                        decays at Belle}",
      collaboration  = "{Belle}",
      journal        = "Phys. Lett.",
      volume         = "B664",
      pages          = "35-40",
      doi            = "10.1016/j.physletb.2008.05.012",
      year           = "2008",
      eprint         = "0801.2475",
      archivePrefix  = "arXiv",
      primaryClass   = "hep-ex",
      reportNumber   = "BELLE-2008-2, KEK-2007-71",
      SLACcitation   = "%%CITATION = ARXIV:0801.2475;%%",
      pdgkey         = "NISHIO.08",
}
@article{Anashin:2007zz,
      author         = "Anashin, V.V. and Aulchenko, V.M. and Baldin, E.M. and
                        Barladyan, A.K. and Barnyakov, A.Yu. and others",
      title          = "{Measurement of the tau lepton mass at the KEDR
                        detector}",
      journal        = "JETP Lett.",
      volume         = "85",
      pages          = "347-352",
      doi            = "10.1134/S0021364007080012",
      year           = "2007",
      SLACcitation   = "%%CITATION = JTPLA,85,347;%%",
      pdgkey         = "ANASHIN.07",
}

@article{Aubert:2007jh,
      author         = "Aubert, Bernard and others",
      title          = "{Measurement of the $\tau^{-} \to K^{-} \pi^0 \nu_{tau}$
                        branching fraction}",
      collaboration  = "{\babar}",
      journal        = "Phys. Rev.",
      volume         = "D76",
      pages          = "051104",
      doi            = "10.1103/PhysRevD.76.051104",
      year           = "2007",
      eprint         = "0707.2922",
      archivePrefix  = "arXiv",
      primaryClass   = "hep-ex",
      reportNumber   = "SLAC-PUB-12681, BABAR-PUB-07-036",
      SLACcitation   = "%%CITATION = ARXIV:0707.2922;%%",
      pdgkey         = "AUBERT.07AP",
}

@article{Aubert:2007pw,
      author         = "Aubert, Bernard and others",
      title          = "{Improved limits on the lepton-flavor violating decays
                        $\tau^{-} \to \ell^{-} \ell^{+} \ell^{-}$}",
      collaboration  = "{\babar}",
      journal        = "Phys. Rev. Lett.",
      volume         = "99",
      pages          = "251803",
      doi            = "10.1103/PhysRevLett.99.251803",
      year           = "2007",
      eprint         = "0708.3650",
      archivePrefix  = "arXiv",
      primaryClass   = "hep-ex",
      reportNumber   = "SLAC-PUB-12766, BABAR-PUB-07-59",
      SLACcitation   = "%%CITATION = ARXIV:0708.3650;%%",
      pdgkey         = "AUBERT.07BK",
}
@article{Aubert:2006cz,
      author         = "Aubert, Bernard and others",
      title          = "{Search for Lepton Flavor Violating Decays $\tau^\pm \to
                        \ell^\pm \pi^0$, $\ell^\pm \eta$, $\ell^\pm \eta^\prime$}",
      collaboration  = "{\babar}",
      journal        = "Phys. Rev. Lett.",
      volume         = "98",
      pages          = "061803",
      doi            = "10.1103/PhysRevLett.98.061803",
      year           = "2007",
      eprint         = "hep-ex/0610067",
      archivePrefix  = "arXiv",
      primaryClass   = "hep-ex",
      reportNumber   = "SLAC-PUB-12170, BABAR-PUB-06-061",
      SLACcitation   = "%%CITATION = HEP-EX/0610067;%%",
      pdgkey         = "AUBERT.07I",
}
@article{Abe:2006vf,
      author         = "Abe, K. and others",
      title          = "{Measurement of the mass of the tau-lepton and an upper
                        limit on the mass difference between tau+ and tau-}",
      collaboration  = "{Belle}",
      journal        = "Phys. Rev. Lett.",
      volume         = "99",
      pages          = "011801",
      doi            = "10.1103/PhysRevLett.99.011801",
      year           = "2007",
      eprint         = "hep-ex/0608046",
      archivePrefix  = "arXiv",
      primaryClass   = "hep-ex",
      reportNumber   = "BELLE-CONF-0657",
      SLACcitation   = "%%CITATION = HEP-EX/0608046;%%",
      pdgkey         = "BELOUS.07",
}
@article{Epifanov:2007rf,
      author         = "Epifanov, D. and others",
      title          = "{Study of tau- --> K(S) pi- nu(tau) decay at Belle}",
      collaboration  = "{Belle}",
      journal        = "Phys. Lett.",
      volume         = "B654",
      pages          = "65-73",
      doi            = "10.1016/j.physletb.2007.08.045",
      year           = "2007",
      eprint         = "0706.2231",
      archivePrefix  = "arXiv",
      primaryClass   = "hep-ex",
      reportNumber   = "BELLE-PREPRINT-2007-28, KEK-PREPRINT-2007-17",
      SLACcitation   = "%%CITATION = ARXIV:0706.2231;%%",
      pdgkey         = "EPIFANOV.07",
}
@article{Miyazaki:2007jp,
      author         = "Miyazaki, Y. and others",
      title          = "{Search for lepton flavor violating tau- decays into l-
                        eta, l- eta-prime and l- pi0}",
      collaboration  = "{Belle}",
      journal        = "Phys. Lett.",
      volume         = "B648",
      pages          = "341-350",
      doi            = "10.1016/j.physletb.2007.03.027",
      year           = "2007",
      eprint         = "hep-ex/0703009",
      archivePrefix  = "arXiv",
      primaryClass   = "HEP-EX",
      reportNumber   = "BELLE-PRERPINT-2007-13, KEK-PRERPINT-2006-78",
      SLACcitation   = "%%CITATION = HEP-EX/0703009;%%",
      pdgkey         = "MIYAZAKI.07",
}
@article{Abdallah:2003cw,
      author         = "Abdallah, J. and others",
      title          = "{A Measurement of the tau hadronic branching ratios}",
      collaboration  = "DELPHI",
      journal        = "Eur. Phys. J.",
      volume         = "C46",
      pages          = "1-26",
      doi            = "10.1140/epjc/s2006-02494-9",
      year           = "2006",
      eprint         = "hep-ex/0603044",
      archivePrefix  = "arXiv",
      primaryClass   = "hep-ex",
      reportNumber   = "CERN-PH-EP-2004-046",
      SLACcitation   = "%%CITATION = HEP-EX/0603044;%%",
      pdgkey         = "ABDALLAH.06A",
}
@article{Aubert:2005wa,
      author         = "Aubert, Bernard and others",
      title          = "{Search for lepton flavor violation in the decay
                        $\tau^\pm \to e^\pm \gamma$}",
      collaboration  = "{\babar}",
      journal        = "Phys. Rev. Lett.",
      volume         = "96",
      pages          = "041801",
      doi            = "10.1103/PhysRevLett.96.041801",
      year           = "2006",
      eprint         = "hep-ex/0508012",
      archivePrefix  = "arXiv",
      primaryClass   = "hep-ex",
      reportNumber   = "SLAC-PUB-11385, BABAR-PUB-05-040",
      SLACcitation   = "%%CITATION = HEP-EX/0508012;%%",
      pdgkey         = "AUBERT.06C",
}
@article{Aubert:2006hw,
      author         = "Aubert, Bernard and others",
      title          = "{Search for the decay $\tau^{-} \to 3 \pi^{-} 2 \pi^{+} 2
                        \pi^0 \nu_{tau}$}",
      collaboration  = "{\babar}",
      journal        = "Phys. Rev.",
      volume         = "D73",
      pages          = "112003",
      doi            = "10.1103/PhysRevD.73.112003",
      year           = "2006",
      eprint         = "hep-ex/0604014",
      archivePrefix  = "arXiv",
      primaryClass   = "hep-ex",
      reportNumber   = "SLAC-PUB-11804, BABAR-PUB-06-008",
      SLACcitation   = "%%CITATION = HEP-EX/0604014;%%",
      pdgkey         = "AUBERT,B.06",
}
@article{Inami:2006vd,
      author         = "Inami, K. and others",
      title          = "{First Observation of the Decay tau- --> phi K-
                        nu(tau)}",
      collaboration  = "{Belle}",
      journal        = "Phys. Lett.",
      volume         = "B643",
      pages          = "5-10",
      doi            = "10.1016/j.physletb.2006.10.027",
      year           = "2006",
      eprint         = "hep-ex/0609018",
      archivePrefix  = "arXiv",
      primaryClass   = "hep-ex",
      reportNumber   = "BELLE-2006-24, KEK-2006-32",
      SLACcitation   = "%%CITATION = HEP-EX/0609018;%%",
      pdgkey         = "INAMI.06",
}
@article{Miyazaki:2005ng,
      author         = "Miyazaki, Y. and others",
      title          = "{Search for lepton and baryon number violating tau-
                        decays into anti-Lambda pi- and Lambda pi-}",
      collaboration  = "{Belle}",
      journal        = "Phys. Lett.",
      volume         = "B632",
      pages          = "51-57",
      doi            = "10.1016/j.physletb.2005.10.024",
      year           = "2006",
      eprint         = "hep-ex/0508044",
      archivePrefix  = "arXiv",
      primaryClass   = "hep-ex",
      reportNumber   = "BELLE-PRERPINT-2005-31, KEK-PREPRINT-2005-58",
      SLACcitation   = "%%CITATION = HEP-EX/0508044;%%",
      pdgkey         = "MIYAZAKI.06",
}
@article{Miyazaki:2006sx,
      author         = "Miyazaki, Y. and others",
      title          = "{Search for lepton flavor violating tau- decays Including
                        with a K0(s) meson}",
      collaboration  = "{Belle}",
      journal        = "Phys. Lett.",
      volume         = "B639",
      pages          = "159-164",
      doi            = "10.1016/j.physletb.2006.05.086",
      year           = "2006",
      eprint         = "hep-ex/0605025",
      archivePrefix  = "arXiv",
      primaryClass   = "hep-ex",
      reportNumber   = "BELLE-PREPRINT-2006-16, KEK-PREPRINT-2006-12",
      SLACcitation   = "%%CITATION = HEP-EX/0605025;%%",
      pdgkey         = "MIYAZAKI.06A",
}
@article{Yusa:2006qq,
      author         = "Yusa, Y. and others",
      title          = "{Search for neutrinoless decays tau --> l h h and tau
                        --> l V0}",
      collaboration  = "{Belle}",
      journal        = "Phys. Lett.",
      volume         = "B640",
      pages          = "138-144",
      doi            = "10.1016/j.physletb.2006.07.025",
      year           = "2006",
      eprint         = "hep-ex/0603036",
      archivePrefix  = "arXiv",
      primaryClass   = "hep-ex",
      SLACcitation   = "%%CITATION = HEP-EX/0603036;%%",
      pdgkey         = "YUSA.06",
}
@article{Arms:2005qg,
      author         = "Arms, Kregg E. and others",
      title          = "{Study of tau decays to four-hadron final states with
                        kaons}",
      collaboration  = "CLEO",
      journal        = "Phys. Rev. Lett.",
      volume         = "94",
      pages          = "241802",
      doi            = "10.1103/PhysRevLett.94.241802",
      year           = "2005",
      eprint         = "hep-ex/0501042",
      archivePrefix  = "arXiv",
      primaryClass   = "hep-ex",
      reportNumber   = "CLNS-04-1899, CLEO-04-17",
      SLACcitation   = "%%CITATION = HEP-EX/0501042;%%",
      pdgkey         = "ARMS.05",
}
@article{Aubert:2005ye,
      author         = "Aubert, Bernard and others",
      title          = "{Search for lepton flavor violation in the decay $\tau
                        \to \mu \gamma$}",
      collaboration  = "{\babar}",
      journal        = "Phys. Rev. Lett.",
      volume         = "95",
      pages          = "041802",
      doi            = "10.1103/PhysRevLett.95.041802",
      year           = "2005",
      eprint         = "hep-ex/0502032",
      archivePrefix  = "arXiv",
      primaryClass   = "hep-ex",
      reportNumber   = "SLAC-PUB-11028, BABAR-PUB-04-049",
      SLACcitation   = "%%CITATION = HEP-EX/0502032;%%",
      pdgkey         = "AUBERT,B.05A",
}
@article{Aubert:2005nx,
      author         = "Aubert, B. and others",
      title          = "{Search for the decay $\tau^- \to 4\pi^- 3\pi^+ (\pi^0)
                        \nu_\tau$}",
      collaboration  = "{\babar}",
      journal        = "Phys. Rev.",
      volume         = "D72",
      pages          = "012003",
      doi            = "10.1103/PhysRevD.72.012003",
      year           = "2005",
      eprint         = "hep-ex/0506007",
      archivePrefix  = "arXiv",
      primaryClass   = "hep-ex",
      reportNumber   = "SLAC-PUB-11229, BABAR-PUB-05-015",
      SLACcitation   = "%%CITATION = HEP-EX/0506007;%%",
      pdgkey         = "AUBERT,B.05F",
}

@article{Aubert:2005waa,
      author         = "Aubert, Bernard and others",
      title          = "{Study of the $\tau^- \to 3h^- 2h^+ \nu_\tau$ decay}",
      collaboration  = "{\babar}",
      journal        = "Phys. Rev.",
      volume         = "D72",
      pages          = "072001",
      doi            = "10.1103/PhysRevD.72.072001",
      year           = "2005",
      eprint         = "hep-ex/0505004",
      archivePrefix  = "arXiv",
      primaryClass   = "hep-ex",
      reportNumber   = "SLAC-PUB-11155",
      SLACcitation   = "%%CITATION = HEP-EX/0505004;%%",
      pdgkey         = "AUBERT,B.05W",
}

@article{Aubert:2005tp,
      author         = "Aubert, Bernard and others",
      title          = "{Search for lepton-flavor and lepton-number violation in
                        the decay $\tau^- \to \ell^\mp h^\pm h^{\prime -}$}",
      collaboration  = "{\babar}",
      journal        = "Phys. Rev. Lett.",
      volume         = "95",
      pages          = "191801",
      doi            = "10.1103/PhysRevLett.95.191801",
      year           = "2005",
      eprint         = "hep-ex/0506066",
      archivePrefix  = "arXiv",
      primaryClass   = "hep-ex",
      reportNumber   = "SLAC-PUB-11300",
      SLACcitation   = "%%CITATION = HEP-EX/0506066;%%",
      pdgkey         = "AUBERT,BE.05D",
}
@article{Enari:2005gc,
      author         = "Enari, Y. and others",
      title          = "{Search for lepton flavor violating decays $\tau^{-} \to
                        \ell^{-} \pi^0$, $\ell^{-} \eta$, $\ell^{-} \eta^\prime$}",
      collaboration  = "{Belle}",
      journal        = "Phys. Lett.",
      volume         = "B622",
      pages          = "218-228",
      doi            = "10.1016/j.physletb.2005.07.021",
      year           = "2005",
      eprint         = "hep-ex/0503041",
      archivePrefix  = "arXiv",
      primaryClass   = "hep-ex",
      reportNumber   = "BELLE-PREPRINT-2005-10, KEK-PREPRINT-2004-107",
      SLACcitation   = "%%CITATION = HEP-EX/0503041;%%",
      pdgkey         = "ENARI.05",
}
@article{Hayasaka:2005xw,
      author         = "Hayasaka, K. and others",
      title          = "{Search for tau --> e gamma decay at BELLE}",
      collaboration  = "{Belle}",
      journal        = "Phys. Lett.",
      volume         = "B613",
      pages          = "20-28",
      doi            = "10.1016/j.physletb.2005.03.028",
      year           = "2005",
      eprint         = "hep-ex/0501068",
      archivePrefix  = "arXiv",
      primaryClass   = "hep-ex",
      reportNumber   = "BELLE-PREPRINT-2005-2, KEK-PREPRINT-2004-93",
      SLACcitation   = "%%CITATION = HEP-EX/0501068;%%",
      pdgkey         = "HAYASAKA.05",
}
@article{Schael:2005am,
      author         = "Schael, S. and others",
      title          = "{Branching ratios and spectral functions of tau decays:
                        Final ALEPH measurements and physics implications}",
      collaboration  = "ALEPH",
      journal        = "Phys. Rept.",
      volume         = "421",
      pages          = "191-284",
      doi            = "10.1016/j.physrep.2005.06.007",
      year           = "2005",
      eprint         = "hep-ex/0506072",
      archivePrefix  = "arXiv",
      primaryClass   = "hep-ex",
      note           = "HFAG-tau uses measurements of $\tau \to h X$ and
                        $\tau \to K X$ and obtains $\tau \to \pi X$ by difference;
                        the measurement of ${\cal B}\left( \tau^- \to 3h^- 2h^+ \pi^0 \nu_{\tau} \ ({\rm ex.} K^0)\right)$ has been read as $(2.1 \pm 0.7 \pm 0.6) \times 10^{-4}$ whereas PDG11 uses $(2.1 \pm 0.7 \pm 0.9) \times 10^{-4}$",
      SLACcitation   = "%%CITATION = HEP-EX/0506072;%%",
      pdgkey         = "SCHAEL.05C",
}
@article{Abbiendi:2004xa,
      author         = "Abbiendi, G. and others",
      title          = "{Measurement of the strange spectral function in
                        hadronic tau decays}",
      collaboration  = "OPAL",
      journal        = "Eur. Phys. J.",
      volume         = "C35",
      pages          = "437-455",
      doi            = "10.1140/epjc/s2004-01877-2",
      year           = "2004",
      eprint         = "hep-ex/0406007",
      archivePrefix  = "arXiv",
      primaryClass   = "hep-ex",
      reportNumber   = "CERN-PH-EP-2004-010",
      SLACcitation   = "%%CITATION = HEP-EX/0406007;%%",
      pdgkey         = "ABBIENDI.04J",
}
@article{Abdallah:2003xd,
      author         = "Abdallah, J. and others",
      title          = "{Study of tau-pair production in photon-photon collisions
                        at LEP and limits on the anomalous electromagnetic moments
                        of the tau lepton}",
      collaboration  = "DELPHI",
      journal        = "Eur. Phys. J.",
      volume         = "C35",
      pages          = "159-170",
      doi            = "10.1140/epjc/s2004-01849-6",
      year           = "2004",
      eprint         = "hep-ex/0406010",
      archivePrefix  = "arXiv",
      primaryClass   = "hep-ex",
      reportNumber   = "CERN-EP-2003-058",
      SLACcitation   = "%%CITATION = HEP-EX/0406010;%%",
      pdgkey         = "ABDALLAH.04K",
}
@article{Abdallah:2003yq,
      author         = "Abdallah, J. and others",
      title          = "{A Precise measurement of the tau lifetime}",
      collaboration  = "DELPHI",
      journal        = "Eur. Phys. J.",
      volume         = "C36",
      pages          = "283-296",
      doi            = "10.1140/epjc/s2004-01948-4",
      year           = "2004",
      eprint         = "hep-ex/0410010",
      archivePrefix  = "arXiv",
      primaryClass   = "hep-ex",
      reportNumber   = "CERN-EP-2003-070",
      SLACcitation   = "%%CITATION = HEP-EX/0410010;%%",
      pdgkey         = "ABDALLAH.04T",
}
@article{Abe:2003sx,
      author         = "Abe, K. and others",
      title          = "{An Upper bound on the decay tau --> mu gamma from
                        Belle}",
      collaboration  = "{Belle}",
      journal        = "Phys. Rev. Lett.",
      volume         = "92",
      pages          = "171802",
      doi            = "10.1103/PhysRevLett.92.171802",
      year           = "2004",
      eprint         = "hep-ex/0310029",
      archivePrefix  = "arXiv",
      primaryClass   = "hep-ex",
      SLACcitation   = "%%CITATION = HEP-EX/0310029;%%",
      pdgkey         = "ABE.04B",
}
@article{Achard:2004jj,
      author         = "Achard, P. and others",
      title          = "{Muon pair and tau pair production in two photon
                        collisions at LEP}",
      collaboration  = "L3",
      journal        = "Phys. Lett.",
      volume         = "B585",
      pages          = "53-62",
      doi            = "10.1016/j.physletb.2004.02.012",
      year           = "2004",
      eprint         = "hep-ex/0402037",
      archivePrefix  = "arXiv",
      primaryClass   = "hep-ex",
      reportNumber   = "CERN-EP-2003-080",
      SLACcitation   = "%%CITATION = HEP-EX/0402037;%%",
      pdgkey         = "ACHARD.04G",
}
@article{Aubert:2003pc,
      author         = "Aubert, Bernard and others",
      title          = "{Search for lepton flavor violation in the decay $\tau^-
                        \to \ell^- \ell^+ \ell^-$}",
      collaboration  = "{\babar}",
      journal        = "Phys. Rev. Lett.",
      volume         = "92",
      pages          = "121801",
      doi            = "10.1103/PhysRevLett.92.121801",
      year           = "2004",
      eprint         = "hep-ex/0312027",
      archivePrefix  = "arXiv",
      primaryClass   = "hep-ex",
      reportNumber   = "SLAC-PUB-10256, BABAR-PUB-03-044",
      SLACcitation   = "%%CITATION = HEP-EX/0312027;%%",
      pdgkey         = "AUBERT.04J",
}
@article{Enari:2004ax,
      author         = "Enari, Y. and others",
      title          = "{Search for the lepton flavor violating decay $\tau^{-}
                        \to \mu^{-} \eta$ at Belle}",
      collaboration  = "{Belle}",
      journal        = "Phys. Rev. Lett.",
      volume         = "93",
      pages          = "081803",
      doi            = "10.1103/PhysRevLett.93.081803",
      year           = "2004",
      eprint         = "hep-ex/0404018",
      archivePrefix  = "arXiv",
      primaryClass   = "hep-ex",
      reportNumber   = "BELLE-PRERPINT-2004-13, KEK-PREPRINT-2004-9",
      SLACcitation   = "%%CITATION = HEP-EX/0404018;%%",
      pdgkey         = "ENARI.04",
}
@article{Yusa:2004gm,
      author         = "Yusa, Y. and others",
      title          = "{Search for neutrinoless decays tau --> 3l}",
      collaboration  = "{Belle}",
      journal        = "Phys. Lett.",
      volume         = "B589",
      pages          = "103-110",
      doi            = "10.1016/j.physletb.2004.04.002",
      year           = "2004",
      eprint         = "hep-ex/0403039",
      archivePrefix  = "arXiv",
      primaryClass   = "hep-ex",
      SLACcitation   = "%%CITATION = HEP-EX/0403039;%%",
      pdgkey         = "YUSA.04",
}
@article{Abbiendi:2002jw,
      author         = "Abbiendi, G. and others",
      title          = "{A Measurement of the tau- --> mu- anti-nu(mu)
                        nu(tau) branching ratios}",
      collaboration  = "OPAL",
      journal        = "Phys. Lett.",
      volume         = "B551",
      pages          = "35-48",
      doi            = "10.1016/S0370-2693(02)03020-4",
      year           = "2003",
      eprint         = "hep-ex/0211066",
      archivePrefix  = "arXiv",
      primaryClass   = "hep-ex",
      reportNumber   = "CERN-EP-2002-085",
      SLACcitation   = "%%CITATION = HEP-EX/0211066;%%",
      pdgkey         = "ABBIENDI.03",
}
@article{Briere:2003fr,
      author         = "Briere, Roy A. and others",
      title          = "{Branching fractions of tau leptons decays to three
                        charged hadrons}",
      collaboration  = "CLEO",
      journal        = "Phys. Rev. Lett.",
      volume         = "90",
      pages          = "181802",
      doi            = "10.1103/PhysRevLett.90.181802",
      year           = "2003",
      eprint         = "hep-ex/0302028",
      archivePrefix  = "arXiv",
      primaryClass   = "hep-ex",
      reportNumber   = "CLNS-03-1818, CLEO-03-04, PHYS.REV.LETT.",
      SLACcitation   = "%%CITATION = HEP-EX/0302028;%%",
      pdgkey         = "BRIERE.03",
}
@article{Heister:2002ik,
      author         = "Heister, A. and others",
      title          = "{Search for anomalous weak dipole moments of the tau
                        lepton}",
      collaboration  = "ALEPH",
      journal        = "Eur. Phys. J.",
      volume         = "C30",
      pages          = "291-304",
      doi            = "10.1140/epjc/s2003-01286-1",
      year           = "2003",
      eprint         = "hep-ex/0209066",
      archivePrefix  = "arXiv",
      primaryClass   = "hep-ex",
      reportNumber   = "CERN-EP-2002-068",
      SLACcitation   = "%%CITATION = HEP-EX/0209066;%%",
      pdgkey         = "HEISTER.03F",
}
@article{Inami:2002ah,
      author         = "Inami, K. and others",
      title          = "{Search for the electric dipole moment of the tau
                        lepton}",
      collaboration  = "{Belle}",
      journal        = "Phys. Lett.",
      volume         = "B551",
      pages          = "16-26",
      doi            = "10.1016/S0370-2693(02)02984-2",
      year           = "2003",
      eprint         = "hep-ex/0210066",
      archivePrefix  = "arXiv",
      primaryClass   = "hep-ex",
      reportNumber   = "BELLE-2002-35",
      SLACcitation   = "%%CITATION = HEP-EX/0210066;%%",
      pdgkey         = "INAMI.03",
}

@article{Abbiendi:2000ee,
      author         = "Abbiendi, G. and others",
      title          = "{A Study of one prong tau decays with a charged kaon}",
      collaboration  = "OPAL",
      journal        = "Eur. Phys. J.",
      volume         = "C19",
      pages          = "653-665",
      doi            = "10.1007/s100520100632",
      year           = "2001",
      eprint         = "hep-ex/0009017",
      archivePrefix  = "arXiv",
      primaryClass   = "hep-ex",
      reportNumber   = "CERN-EP-2000-091, OPAL-PR-315",
      SLACcitation   = "%%CITATION = HEP-EX/0009017;%%",
      pdgkey         = "ABBIENDI.01J",
}
@article{Abreu:2001wc,
      author         = "Abreu, P. and others",
      title          = "{A Measurement of the tau topological branching ratios}",
      collaboration  = "DELPHI",
      journal        = "Eur. Phys. J.",
      volume         = "C20",
      pages          = "617-637",
      doi            = "10.1007/PL00011152",
      year           = "2001",
      eprint         = "hep-ex/0105047",
      archivePrefix  = "arXiv",
      primaryClass   = "hep-ex",
      reportNumber   = "CERN-EP-2001-030",
      SLACcitation   = "%%CITATION = HEP-EX/0105047;%%",
      pdgkey         = "ABREU.01M",
}
@article{Acciarri:2001sg,
      author         = "Acciarri, M. and others",
      title          = "{Measurement of the $\tau$ branching fractions into
                        leptons}",
      collaboration  = "L3",
      journal        = "Phys. Lett.",
      volume         = "B507",
      pages          = "47-60",
      doi            = "10.1016/S0370-2693(01)00294-5",
      year           = "2001",
      eprint         = "hep-ex/0102023",
      archivePrefix  = "arXiv",
      primaryClass   = "hep-ex",
      reportNumber   = "CERN-EP-2001-007",
      SLACcitation   = "%%CITATION = HEP-EX/0102023;%%",
      pdgkey         = "ACCIARRI.01F",
}
@article{Achard:2001pk,
      author         = "Achard, P. and others",
      title          = "{Measurement of the topological branching fractions of
                        the $\tau$ lepton at LEP}",
      collaboration  = "L3",
      journal        = "Phys. Lett.",
      volume         = "B519",
      pages          = "189-198",
      doi            = "10.1016/S0370-2693(01)01099-1",
      year           = "2001",
      eprint         = "hep-ex/0107055",
      archivePrefix  = "arXiv",
      primaryClass   = "hep-ex",
      reportNumber   = "CERN-EP-2001-054",
      SLACcitation   = "%%CITATION = HEP-EX/0107055;%%",
      pdgkey         = "ACHARD.01D",
}
@article{Anastassov:2000xu,
      author         = "Anastassov, A. and others",
      title          = "{Study of tau decays to six pions and neutrino}",
      collaboration  = "CLEO",
      journal        = "Phys. Rev. Lett.",
      volume         = "86",
      pages          = "4467-4471",
      doi            = "10.1103/PhysRevLett.86.4467",
      year           = "2001",
      eprint         = "hep-ex/0010025",
      archivePrefix  = "arXiv",
      primaryClass   = "hep-ex",
      reportNumber   = "SLAC-REPRINT-2000-074, CLNS-00-1687, CLEO-00-16",
      SLACcitation   = "%%CITATION = HEP-EX/0010025;%%",
      pdgkey         = "ANASTASSOV.01",
}
@article{Heister:2001me,
      author         = "Heister, A. and others",
      title          = "{Measurement of the Michel parameters and the nu/tau
                        helicity in tau lepton decays}",
      collaboration  = "ALEPH",
      journal        = "Eur. Phys. J.",
      volume         = "C22",
      pages          = "217-230",
      doi            = "10.1007/s100520100813",
      year           = "2001",
      reportNumber   = "CERN-EP-2001-035",
      SLACcitation   = "%%CITATION = EPHJA,C22,217;%%",
      pdgkey         = "HEISTER.01E",
}
@article{Abbiendi:2000kz,
      author         = "Abbiendi, G. and others",
      title          = "{A Measurement of the tau mass and the first CPT test
                        with tau leptons}",
      collaboration  = "OPAL",
      journal        = "Phys. Lett.",
      volume         = "B492",
      pages          = "23-31",
      doi            = "10.1016/S0370-2693(00)01022-4",
      year           = "2000",
      eprint         = "hep-ex/0005009",
      archivePrefix  = "arXiv",
      primaryClass   = "hep-ex",
      reportNumber   = "CERN-EP-2000-056",
      SLACcitation   = "%%CITATION = HEP-EX/0005009;%%",
      pdgkey         = "ABBIENDI.00A",
}
@article{Abbiendi:1999pm,
      author         = "Abbiendi, G. and others",
      title          = "{Tau decays with neutral kaons}",
      collaboration  = "OPAL",
      journal        = "Eur. Phys. J.",
      volume         = "C13",
      pages          = "213-223",
      doi            = "10.1007/s100520000317",
      year           = "2000",
      eprint         = "hep-ex/9911029",
      archivePrefix  = "arXiv",
      primaryClass   = "hep-ex",
      reportNumber   = "CERN-EP-99-154",
      SLACcitation   = "%%CITATION = HEP-EX/9911029;%%",
      pdgkey         = "ABBIENDI.00C",
}
@article{Abbiendi:1999cq,
      author         = "Abbiendi, G. and others",
      title          = "{A Study of three prong tau decays with charged kaons}",
      collaboration  = "OPAL",
      journal        = "Eur. Phys. J.",
      volume         = "C13",
      pages          = "197-212",
      doi            = "10.1007/s100520000272",
      year           = "2000",
      eprint         = "hep-ex/9908013",
      archivePrefix  = "arXiv",
      primaryClass   = "hep-ex",
      reportNumber   = "CERN-EP-99-095",
      SLACcitation   = "%%CITATION = HEP-EX/9908013;%%",
      pdgkey         = "ABBIENDI.00D",
}
@article{Abreu:2000sg,
      author         = "Abreu, P. and others",
      title          = "{A Study of the Lorentz structure in tau decays}",
      collaboration  = "DELPHI",
      journal        = "Eur. Phys. J.",
      volume         = "C16",
      pages          = "229-252",
      doi            = "10.1007/s100520050017",
      year           = "2000",
      eprint         = "hep-ex/0107076",
      archivePrefix  = "arXiv",
      primaryClass   = "hep-ex",
      reportNumber   = "CERN-EP-2000-027",
      SLACcitation   = "%%CITATION = HEP-EX/0107076;%%",
      pdgkey         = "ABREU.00L",
}
@article{Acciarri:2000vq,
      author         = "Acciarri, M. and others",
      title          = "{Measurement of the lifetime of the $\tau$ lepton}",
      collaboration  = "L3",
      journal        = "Phys. Lett.",
      volume         = "B479",
      pages          = "67-78",
      doi            = "10.1016/S0370-2693(00)00347-6",
      year           = "2000",
      eprint         = "hep-ex/0003023",
      archivePrefix  = "arXiv",
      primaryClass   = "hep-ex",
      reportNumber   = "CERN-EP-2000-040",
      SLACcitation   = "%%CITATION = HEP-EX/0003023;%%",
      pdgkey         = "ACCIARRI.00B",
}

@article{Albrecht:2000yg,
      author         = "Albrecht, H. and others",
      title          = "{A Search for the electric dipole moment of the tau
                        lepton}",
      collaboration  = "ARGUS",
      journal        = "Phys. Lett.",
      volume         = "B485",
      pages          = "37-44",
      doi            = "10.1016/S0370-2693(00)00630-4",
      year           = "2000",
      eprint         = "hep-ex/0004031",
      archivePrefix  = "arXiv",
      primaryClass   = "hep-ex",
      reportNumber   = "DESY-00-064",
      SLACcitation   = "%%CITATION = HEP-EX/0004031;%%",
      pdgkey         = "ALBRECHT.00",
}
@article{Asner:1999kj,
      author         = "Asner, D.M. and others",
      title          = "{Hadronic structure in the decay tau- -->
                        tau-neutrino pi- pi0 pi0 and the sign of the tau-neutrino
                        helicity}",
      collaboration  = "CLEO",
      journal        = "Phys. Rev.",
      volume         = "D61",
      pages          = "012002",
      doi            = "10.1103/PhysRevD.61.012002",
      year           = "2000",
      eprint         = "hep-ex/9902022",
      archivePrefix  = "arXiv",
      primaryClass   = "hep-ex",
      reportNumber   = "SLAC-REPRINT-1999-097, CLNS-99-1601, CLEO-99-01",
      SLACcitation   = "%%CITATION = HEP-EX/9902022;%%",
      pdgkey         = "ASNER.00",
}
@article{Asner:2000nx,
      author         = "Asner, D.M. and others",
      title          = "{Resonance structure of tau- --> K- pi+ pi- nu(tau)
                        decays}",
      collaboration  = "CLEO",
      journal        = "Phys. Rev.",
      volume         = "D62",
      pages          = "072006",
      doi            = "10.1103/PhysRevD.62.072006",
      year           = "2000",
      eprint         = "hep-ex/0004002",
      archivePrefix  = "arXiv",
      primaryClass   = "hep-ex",
      reportNumber   = "SLAC-REPRINT-2000-086, CLNS-00-1666, CLEO-00-4",
      SLACcitation   = "%%CITATION = HEP-EX/0004002;%%",
      pdgkey         = "ASNER.00B",
}
@article{Bergfeld:1999yh,
      author         = "Bergfeld, T. and others",
      title          = "{Observation of radiative leptonic decay of the tau
                        lepton}",
      collaboration  = "CLEO",
      journal        = "Phys. Rev. Lett.",
      volume         = "84",
      pages          = "830-834",
      doi            = "10.1103/PhysRevLett.84.830",
      year           = "2000",
      eprint         = "hep-ex/9909050",
      archivePrefix  = "arXiv",
      primaryClass   = "hep-ex",
      reportNumber   = "SLAC-REPRINT-1999-115, CLNS-99-1634, CLEO-99-12",
      SLACcitation   = "%%CITATION = HEP-EX/9909050;%%",
      pdgkey         = "BERGFELD.00",
}
@article{Browder:1999fr,
      author         = "Browder, T.E. and others",
      title          = "{Structure functions in the decay tau-+ --> pi-+ pi0
                        pi0 neutrino(tau)}",
      collaboration  = "CLEO",
      journal        = "Phys. Rev.",
      volume         = "D61",
      pages          = "052004",
      doi            = "10.1103/PhysRevD.61.052004",
      year           = "2000",
      eprint         = "hep-ex/9908030",
      archivePrefix  = "arXiv",
      primaryClass   = "hep-ex",
      reportNumber   = "SLAC-REPRINT-1999-112, CLNS-99-1628, CLEO-99-8",
      SLACcitation   = "%%CITATION = HEP-EX/9908030;%%",
      pdgkey         = "BROWDER.00",
}
@article{Edwards:1999fj,
      author         = "Edwards, K.W. and others",
      title          = "{Resonant structure of tau --> three pi pi0
                        neutrino(tau) and tau --> omega pi neutrino(tau)
                        decays}",
      collaboration  = "CLEO",
      journal        = "Phys. Rev.",
      volume         = "D61",
      pages          = "072003",
      doi            = "10.1103/PhysRevD.61.072003",
      year           = "2000",
      eprint         = "hep-ex/9908024",
      archivePrefix  = "arXiv",
      primaryClass   = "hep-ex",
      reportNumber   = "SLAC-REPRINT-1999-109, CLNS-99-1631, CLEO-99-11",
      SLACcitation   = "%%CITATION = HEP-EX/9908024;%%",
      pdgkey         = "EDWARDS.00A",
}
@article{GonzalezSprinberg:2000mk,
      author         = "Gonzalez-Sprinberg, Gabriel A. and Santamaria, Arcadi and
                        Vidal, Jordi",
      title          = "{Model independent bounds on the tau lepton
                        electromagnetic and weak magnetic moments}",
      journal        = "Nucl. Phys.",
      volume         = "B582",
      pages          = "3-18",
      doi            = "10.1016/S0550-3213(00)00275-3",
      year           = "2000",
      eprint         = "hep-ph/0002203",
      archivePrefix  = "arXiv",
      primaryClass   = "hep-ph",
      reportNumber   = "FTUV-00-18, IFIC-00-17, FTUV-00-0218",
      SLACcitation   = "%%CITATION = HEP-PH/0002203;%%",
      pdgkey         = "GONZALEZ-SPRINBERG.00",
}
@article{Abbiendi:1998cx,
      author         = "Abbiendi, G. and others",
      title          = "{A Measurement of the tau- --> e- anti-neutrino(e)
                        neutrino(tau) branching ratio}",
      collaboration  = "OPAL",
      journal        = "Phys. Lett.",
      volume         = "B447",
      pages          = "134-146",
      doi            = "10.1016/S0370-2693(98)01553-6",
      year           = "1999",
      eprint         = "hep-ex/9812017",
      archivePrefix  = "arXiv",
      primaryClass   = "hep-ex",
      reportNumber   = "CERN-EP-98-175",
      SLACcitation   = "%%CITATION = HEP-EX/9812017;%%",
      pdgkey         = "ABBIENDI.99H",
}
@article{Abreu:1999rb,
      author         = "Abreu, P. and others",
      title          = "{Measurements of the leptonic branching fractions of the
                        tau}",
      collaboration  = "DELPHI",
      journal        = "Eur. Phys. J.",
      volume         = "C10",
      pages          = "201-218",
      doi            = "10.1007/s100520050583",
      year           = "1999",
      reportNumber   = "CERN-EP-99-046, CERN-EP-99-46",
      SLACcitation   = "%%CITATION = EPHJA,C10,201;%%",
      pdgkey         = "ABREU.99X",
}
@article{Ackerstaff:1998yk,
      author         = "Ackerstaff, K. and others",
      title          = "{Measurement of the Michel parameters in leptonic tau
                        decays}",
      collaboration  = "OPAL",
      journal        = "Eur. Phys. J.",
      volume         = "C8",
      pages          = "3-21",
      doi            = "10.1007/s100529901080",
      year           = "1999",
      eprint         = "hep-ex/9808016",
      archivePrefix  = "arXiv",
      primaryClass   = "hep-ex",
      reportNumber   = "CERN-EP-98-104",
      SLACcitation   = "%%CITATION = HEP-EX/9808016;%%",
      pdgkey         = "ACKERSTAFF.99D",
}
@article{Ackerstaff:1998ia,
      author         = "Ackerstaff, K. and others",
      title          = "{Measurement of tau branching ratios to five charged
                        hadrons}",
      collaboration  = "OPAL",
      journal        = "Eur. Phys. J.",
      volume         = "C8",
      pages          = "183-189",
      doi            = "10.1007/s100529901057",
      year           = "1999",
      eprint         = "hep-ex/9808011",
      archivePrefix  = "arXiv",
      primaryClass   = "hep-ex",
      reportNumber   = "CERN-EP-98-090, CERN-EP-98-90",
      SLACcitation   = "%%CITATION = HEP-EX/9808011;%%",
      pdgkey         = "ACKERSTAFF.99E",
}
@article{Barate:1999hi,
      author         = "Barate, R. and others",
      title          = "{One prong tau decays with kaons}",
      collaboration  = "ALEPH",
      journal        = "Eur. Phys. J.",
      volume         = "C10",
      pages          = "1-18",
      doi            = "10.1007/s100529900146",
      year           = "1999",
      eprint         = "hep-ex/9903014",
      archivePrefix  = "arXiv",
      primaryClass   = "hep-ex",
      reportNumber   = "CERN-EP-99-025",
      SLACcitation   = "%%CITATION = HEP-EX/9903014;%%",
      pdgkey         = "BARATE.99K",
}
@article{Barate:1999hj,
      author         = "Barate, R. and others",
      title          = "{Study of tau decays involving kaons, spectral functions
                        and determination of the strange quark mass}",
      collaboration  = "ALEPH",
      journal        = "Eur. Phys. J.",
      volume         = "C11",
      pages          = "599-618",
      doi            = "10.1007/s100520050659",
      year           = "1999",
      eprint         = "hep-ex/9903015",
      archivePrefix  = "arXiv",
      primaryClass   = "hep-ex",
      reportNumber   = "CERN-EP-99-026",
      SLACcitation   = "%%CITATION = HEP-EX/9903015;%%",
      pdgkey         = "BARATE.99R",
}
@article{Bishai:1998gf,
      author         = "Bishai, M. and others",
      title          = "{First observation of the decay tau- --> K*- eta
                        tau-neutrino}",
      collaboration  = "CLEO",
      journal        = "Phys. Rev. Lett.",
      volume         = "82",
      pages          = "281-285",
      doi            = "10.1103/PhysRevLett.82.281",
      year           = "1999",
      eprint         = "hep-ex/9809012",
      archivePrefix  = "arXiv",
      primaryClass   = "hep-ex",
      reportNumber   = "SLAC-REPRINT-1998-098, CLNS-98-1574, CLEO-98-11",
      SLACcitation   = "%%CITATION = HEP-EX/9809012;%%",
      pdgkey         = "BISHAI.99",
}
@article{Godang:1999ge,
      author         = "Godang, R. and others",
      title          = "{Search for baryon and lepton number violating decays of
                        the tau lepton}",
      collaboration  = "CLEO",
      journal        = "Phys. Rev.",
      volume         = "D59",
      pages          = "091303",
      doi            = "10.1103/PhysRevD.59.091303",
      year           = "1999",
      eprint         = "hep-ex/9902005",
      archivePrefix  = "arXiv",
      primaryClass   = "hep-ex",
      reportNumber   = "SLAC-REPRINT-1999-095, CLNS-98-1595, CLEO-98-19",
      SLACcitation   = "%%CITATION = HEP-EX/9902005;%%",
      pdgkey         = "GODANG.99",
}
@article{Richichi:1998bc,
      author         = "Richichi, S.J. and others",
      title          = "{Study of three prong hadronic tau decays with charged
                        kaons}",
      collaboration  = "CLEO",
      journal        = "Phys. Rev.",
      volume         = "D60",
      pages          = "112002",
      doi            = "10.1103/PhysRevD.60.112002",
      year           = "1999",
      eprint         = "hep-ex/9810026",
      archivePrefix  = "arXiv",
      primaryClass   = "hep-ex",
      reportNumber   = "SLAC-REPRINT-1998-099, CLNS-98-1573, CLEO-98-10",
      SLACcitation   = "%%CITATION = HEP-EX/9810026;%%",
      pdgkey         = "RICHICHI.99",
}
@article{Acciarri:1998zc,
      author         = "Acciarri, M. and others",
      title          = "{Measurement of the weak dipole moments of the tau
                        lepton}",
      collaboration  = "L3",
      journal        = "Phys. Lett.",
      volume         = "B426",
      pages          = "207-216",
      doi            = "10.1016/S0370-2693(98)00290-1",
      year           = "1998",
      reportNumber   = "CERN-EP-98-015, CERN-EP-98-15",
      SLACcitation   = "%%CITATION = PHLTA,B426,207;%%",
      pdgkey         = "ACCIARRI.98C",
}
@article{Acciarri:1998iv,
      author         = "Acciarri, M. and others",
      title          = "{Measurement of the anomalous magnetic and electric
                        dipole moments of the tau lepton}",
      collaboration  = "L3",
      journal        = "Phys. Lett.",
      volume         = "B434",
      pages          = "169-179",
      doi            = "10.1016/S0370-2693(98)00736-9",
      year           = "1998",
      reportNumber   = "CERN-EP-98-045, CERN-EP-98-45",
      SLACcitation   = "%%CITATION = PHLTA,B434,169;%%",
      pdgkey         = "ACCIARRI.98E",
}
@article{Acciarri:1998as,
      author         = "Acciarri, M. and others",
      title          = "{Measurement of the Michel parameters and the average
                        tau-neutrino helicity from tau decays at LEP}",
      collaboration  = "L3",
      journal        = "Phys. Lett.",
      volume         = "B438",
      pages          = "405-416",
      doi            = "10.1016/S0370-2693(98)01082-X",
      year           = "1998",
      reportNumber   = "CERN-EP-98-123",
      SLACcitation   = "%%CITATION = PHLTA,B438,405;%%",
      pdgkey         = "ACCIARRI.98R",
}
@article{Ackerstaff:1997tx,
      author         = "Ackerstaff, K. and others",
      title          = "{Measurement of the one prong hadronic tau branching
                        ratios at LEP}",
      collaboration  = "OPAL",
      journal        = "Eur. Phys. J.",
      volume         = "C4",
      pages          = "193-206",
      doi            = "10.1007/s100520050197",
      year           = "1998",
      eprint         = "hep-ex/9801029",
      archivePrefix  = "arXiv",
      primaryClass   = "hep-ex",
      reportNumber   = "CERN-PPE-97-152",
      SLACcitation   = "%%CITATION = HEP-EX/9801029;%%",
      pdgkey         = "ACKERSTAFF.98M",
}
@article{Ackerstaff:1998mt,
      author         = "Ackerstaff, K. and others",
      title          = "{An Upper limit on the anomalous magnetic moment of the
                        tau lepton}",
      collaboration  = "OPAL",
      journal        = "Phys. Lett.",
      volume         = "B431",
      pages          = "188-198",
      doi            = "10.1016/S0370-2693(98)00520-6",
      year           = "1998",
      eprint         = "hep-ex/9803020",
      archivePrefix  = "arXiv",
      primaryClass   = "hep-ex",
      reportNumber   = "CERN-EP-98-033",
      SLACcitation   = "%%CITATION = HEP-EX/9803020;%%",
      pdgkey         = "ACKERSTAFF.98N",
}
@article{Albrecht:1997gn,
      author         = "Albrecht, H. and others",
      title          = "{Determination of the Michel parameters rho, xi and delta
                        in tau lepton decays with tau --> rho neutrino tags}",
      collaboration  = "ARGUS",
      journal        = "Phys. Lett.",
      volume         = "B431",
      pages          = "179-187",
      doi            = "10.1016/S0370-2693(98)00565-6",
      year           = "1998",
      eprint         = "hep-ex/9711022",
      archivePrefix  = "arXiv",
      primaryClass   = "hep-ex",
      reportNumber   = "DESY-97-194",
      SLACcitation   = "%%CITATION = HEP-EX/9711022;%%",
      pdgkey         = "ALBRECHT.98",
}
@article{Barate:1997ma,
      author         = "Barate, R. and others",
      title          = "{Three prong tau decays with charged kaons}",
      collaboration  = "ALEPH",
      journal        = "Eur. Phys. J.",
      volume         = "C1",
      pages          = "65-79",
      doi            = "10.1007/s100520050062",
      year           = "1998",
      reportNumber   = "CERN-PPE-97-069, CERN-PPE-97-69, FSU-SCRI-98-34",
      SLACcitation   = "%%CITATION = EPHJA,C1,65;%%",
      pdgkey         = "BARATE.98",
}
@article{Barate:1997tt,
      author         = "Barate, R. and others",
      title          = "{K0(S) production in tau decays}",
      collaboration  = "ALEPH",
      journal        = "Eur. Phys. J.",
      volume         = "C4",
      pages          = "29-45",
      doi            = "10.1007/s100520050184",
      year           = "1998",
      reportNumber   = "CERN-PPE-97-167",
      SLACcitation   = "%%CITATION = EPHJA,C4,29;%%",
      pdgkey         = "BARATE.98E",
      url            = "http://cdsweb.cern.ch/record/346304",
}
@article{Bliss:1997iq,
      author         = "Bliss, D.W. and others",
      title          = "{New limits for neutrinoless tau decays}",
      collaboration  = "CLEO",
      journal        = "Phys. Rev.",
      volume         = "D57",
      pages          = "5903-5907",
      doi            = "10.1103/PhysRevD.57.5903",
      year           = "1998",
      eprint         = "hep-ex/9712010",
      archivePrefix  = "arXiv",
      primaryClass   = "hep-ex",
      reportNumber   = "SLAC-PUB-9756, CLNS-97-1530, CLEO-97-29",
      SLACcitation   = "%%CITATION = HEP-EX/9712010;%%",
      pdgkey         = "BLISS.98",
}
@article{Abe:1997dy,
      author         = "Abe, K. and others",
      title          = "{Measurement of the tau-neutrino helicity and the Michel
                        parameters in polarized e+ e- collisions}",
      collaboration  = "SLD",
      journal        = "Phys. Rev. Lett.",
      volume         = "78",
      pages          = "4691-4696",
      doi            = "10.1103/PhysRevLett.78.4691",
      year           = "1997",
      eprint         = "hep-ex/9701020",
      archivePrefix  = "arXiv",
      primaryClass   = "hep-ex",
      reportNumber   = "SLAC-PUB-7333",
      SLACcitation   = "%%CITATION = HEP-EX/9701020;%%",
      pdgkey         = "ABE.97O",
}
@article{Ackerstaff:1997is,
      author         = "Ackerstaff, K. and others",
      title          = "{An Upper limit on the branching ratio for tau decays
                        into seven charged particles}",
      collaboration  = "OPAL",
      journal        = "Phys. Lett.",
      volume         = "B404",
      pages          = "213-222",
      doi            = "10.1016/S0370-2693(97)00648-5",
      year           = "1997",
      eprint         = "hep-ex/9707023",
      archivePrefix  = "arXiv",
      primaryClass   = "hep-ex",
      reportNumber   = "CERN-PPE-97-049, CERN-PPE-97-49",
      SLACcitation   = "%%CITATION = HEP-EX/9707023;%%",
      pdgkey         = "ACKERSTAFF.97J",
}
@article{Ackerstaff:1996gy,
      author         = "Ackerstaff, K. and others",
      title          = "{Search for CP violation in Z0 --> tau+ tau- and an
                        upper limit on the weak dipole moment of the tau lepton}",
      collaboration  = "OPAL",
      journal        = "Z. Phys.",
      volume         = "C74",
      pages          = "403-412",
      doi            = "10.1007/s002880050403",
      year           = "1997",
      reportNumber   = "CERN-PPE-96-184",
      SLACcitation   = "%%CITATION = ZEPYA,C74,403;%%",
      pdgkey         = "ACKERSTAFF.97L",
}
@article{Ackerstaff:1997dv,
      author         = "Ackerstaff, K. and others",
      title          = "{A Measurement of the hadronic decay current and the
                        tau-neutrino helicity in tau- --> pi- pi- pi+
                        tau-neutrino}",
      collaboration  = "OPAL",
      journal        = "Z. Phys.",
      volume         = "C75",
      pages          = "593-605",
      doi            = "10.1007/s002880050505",
      year           = "1997",
      reportNumber   = "CERN-PPE-97-020, CERN-PPE-97-20",
      SLACcitation   = "%%CITATION = ZEPYA,C75,593;%%",
      pdgkey         = "ACKERSTAFF.97R",
}
@article{Alexander:1997bv,
      author         = "Alexander, J.P. and others",
      title          = "{Determination of the Michel parameters and the
                        tau-neutrino helicity in tau decay}",
      collaboration  = "CLEO",
      journal        = "Phys. Rev.",
      volume         = "D56",
      pages          = "5320-5329",
      doi            = "10.1103/PhysRevD.56.5320",
      year           = "1997",
      eprint         = "hep-ex/9705009",
      archivePrefix  = "arXiv",
      primaryClass   = "hep-ex",
      reportNumber   = "SLAC-PUB-9780, CLNS-97-1480, CLEO-97-9",
      SLACcitation   = "%%CITATION = HEP-EX/9705009;%%",
      pdgkey         = "ALEXANDER.97F",
}
@article{Ammar:1996xh,
      author         = "Ammar, R. and others",
      title          = "{A Measurement of the Michel parameters in leptonic
                        decays of the tau}",
      collaboration  = "CLEO",
      journal        = "Phys. Rev. Lett.",
      volume         = "78",
      pages          = "4686-4690",
      doi            = "10.1103/PhysRevLett.78.4686",
      year           = "1997",
      reportNumber   = "CLNS-96-1429, CLEO-96-15, SLAC-PUB-9811",
      SLACcitation   = "%%CITATION = PRLTA,78,4686;%%",
      pdgkey         = "AMMAR.97B",
}
@article{Anastassov:1996tc,
      author         = "Anastassov, A. and others",
      title          = "{Experimental test of lepton universality in tau decay}",
      collaboration  = "CLEO",
      journal        = "Phys. Rev.",
      volume         = "D55",
      pages          = "2559-2576",
      doi            = "10.1103/PhysRevD.55.2559",
      note           = "erratum ibid {\bf D58}, 119903, (1998)",
      year           = "1997",
      reportNumber   = "CLNS-96-1431, CLEO-96-16, SLAC-PUB-9839",
      SLACcitation   = "%%CITATION = PHRVA,D55,2559;%%",
      pdgkey         = "ANASTASSOV.97",
}
@article{Anderson:1997kb,
      author         = "Anderson, S. and others",
      title          = "{Study of the decay tau- --> 2 pi- pi+ 3 pi0
                        tau-neutrino}",
      collaboration  = "CLEO",
      journal        = "Phys. Rev. Lett.",
      volume         = "79",
      pages          = "3814-3818",
      doi            = "10.1103/PhysRevLett.79.3814",
      year           = "1997",
      eprint         = "hep-ex/9707027",
      archivePrefix  = "arXiv",
      primaryClass   = "hep-ex",
      reportNumber   = "SLAC-PUB-9766, CLNS-97-1497, CLEO-97-16",
      SLACcitation   = "%%CITATION = HEP-EX/9707027;%%",
      pdgkey         = "ANDERSON.97",
}

@article{Barate:1997hw,
      author         = "Barate, R. and others",
      title          = "{Measurement of the tau lepton lifetime with the
                        three-dimensional impact parameter method}",
      collaboration  = "ALEPH",
      journal        = "Z. Phys.",
      volume         = "C74",
      pages          = "387-398",
      doi            = "10.1007/s002880050401",
      year           = "1997",
      reportNumber   = "CERN-PPE-97-016, CERN-PPE-97-16, FSU-SCRI-97-76",
      SLACcitation   = "%%CITATION = ZEPYA,C74,387;%%",
      pdgkey         = "BARATE.97I",
}
@article{Barate:1997be,
      author         = "Barate, R. and others",
      title          = "{Updated measurement of the tau lepton lifetime}",
      collaboration  = "ALEPH",
      journal        = "Phys. Lett.",
      volume         = "B414",
      pages          = "362-372",
      doi            = "10.1016/S0370-2693(97)01116-7",
      year           = "1997",
      eprint         = "hep-ex/9710026",
      archivePrefix  = "arXiv",
      primaryClass   = "hep-ex",
      reportNumber   = "CERN-PPE-97-090, CERN-PPE-97-90, FSU-SCRI-98-12",
      SLACcitation   = "%%CITATION = HEP-EX/9710026;%%",
      pdgkey         = "BARATE.97R",
}
@article{Bergfeld:1997zt,
      author         = "Bergfeld, T. and others",
      title          = "{First observation of tau --> 3 pi eta tau-neutrino
                        and tau --> f1 pi tau-neutrino decays}",
      collaboration  = "CLEO",
      journal        = "Phys. Rev. Lett.",
      volume         = "79",
      pages          = "2406-2410",
      doi            = "10.1103/PhysRevLett.79.2406",
      year           = "1997",
      eprint         = "hep-ex/9706020",
      archivePrefix  = "arXiv",
      primaryClass   = "hep-ex",
      reportNumber   = "SLAC-PUB-9764, CLNS-97-1489, CLEO-97-13",
      SLACcitation   = "%%CITATION = HEP-EX/9706020;%%",
      pdgkey         = "BERGFELD.97",
}
@article{Bonvicini:1997bw,
      author         = "Bonvicini, G. and others",
      title          = "{Search for neutrinoless tau decays involving pi0 or eta
                        mesons}",
      collaboration  = "CLEO",
      journal        = "Phys. Rev. Lett.",
      volume         = "79",
      pages          = "1221-1224",
      doi            = "10.1103/PhysRevLett.79.1221",
      year           = "1997",
      eprint         = "hep-ex/9704010",
      archivePrefix  = "arXiv",
      primaryClass   = "hep-ex",
      reportNumber   = "SLAC-PUB-9790, CLNS-97-1469, CLEO-97-4",
      SLACcitation   = "%%CITATION = HEP-EX/9704010;%%",
      pdgkey         = "BONVICINI.97",
}
@article{Buskulic:1996qs,
      author         = "Buskulic, D. and others",
      title          = "{A Study of tau decays involving eta and omega mesons}",
      collaboration  = "ALEPH",
      journal        = "Z. Phys.",
      volume         = "C74",
      pages          = "263-273",
      doi            = "10.1007/s002880050387",
      year           = "1997",
      reportNumber   = "CERN-PPE-96-103, FSU-SCRI-97-50",
      SLACcitation   = "%%CITATION = ZEPYA,C74,263;%%",
      pdgkey         = "BUSKULIC.97C",
}
@article{Coan:1997am,
      author         = "Coan, T.E. and others",
      title          = "{Tau-neutrino helicity from h+- energy correlations}",
      collaboration  = "CLEO",
      journal        = "Phys. Rev.",
      volume         = "D55",
      pages          = "7291-7295",
      doi            = "10.1103/PhysRevD.55.7291",
      year           = "1997",
      eprint         = "hep-ex/9701012",
      archivePrefix  = "arXiv",
      primaryClass   = "hep-ex",
      reportNumber   = "CLNS-96-1450A, CLEO-96-21, SLAC-PUB-9799",
      SLACcitation   = "%%CITATION = HEP-EX/9701012;%%",
      pdgkey         = "COAN.97",
}


@article{Escribano:1996wp,
      author         = "Escribano, R. and Masso, E.",
      title          = "{Improved bounds on the electromagnetic dipole moments of
                        the $\tau$ lepton}",
      journal        = "Phys. Lett.",
      volume         = "B395",
      pages          = "369-372",
      doi            = "10.1016/S0370-2693(97)00059-2",
      year           = "1997",
      eprint         = "hep-ph/9609423",
      archivePrefix  = "arXiv",
      primaryClass   = "hep-ph",
      reportNumber   = "UAB-FT-398, LPTHE-ORSAY-96-73",
      SLACcitation   = "%%CITATION = HEP-PH/9609423;%%",
      pdgkey         = "ESCRIBANO.97",
}
@article{Abreu:1995xt,
      author         = "Abreu, P. and others",
      title          = "{A Precise measurement of the tau lepton lifetime}",
      collaboration  = "DELPHI",
      journal        = "Phys. Lett.",
      volume         = "B365",
      pages          = "448-460",
      doi            = "10.1016/0370-2693(95)01434-9",
      year           = "1996",
      reportNumber   = "CERN-PPE-95-154",
      SLACcitation   = "%%CITATION = PHLTA,B365,448;%%",
      pdgkey         = "ABREU.96B",
}
@article{Acciarri:1996ht,
      author         = "Acciarri, M. and others",
      title          = "{Measurement of the Michel parameters and the average
                        tau-neutrino helicity from tau decays in e+ e- -->
                        tau+ tau-}",
      collaboration  = "L3",
      journal        = "Phys. Lett.",
      volume         = "B377",
      pages          = "313-324",
      doi            = "10.1016/0370-2693(96)00467-4",
      year           = "1996",
      reportNumber   = "CERN-PPE-96-046, CERN-PPE-96-46",
      SLACcitation   = "%%CITATION = PHLTA,B377,313;%%",
      pdgkey         = "ACCIARRI.96H",
}
@article{Acciarri:1996kc,
      author         = "Acciarri, M. and others",
      title          = "{Measurement of the lifetime of the tau lepton}",
      collaboration  = "L3",
      journal        = "Phys. Lett.",
      volume         = "B389",
      pages          = "187-196",
      doi            = "10.1016/S0370-2693(96)01392-5",
      year           = "1996",
      reportNumber   = "CERN-PPE-96-124",
      SLACcitation   = "%%CITATION = PHLTA,B389,187;%%",
      pdgkey         = "ACCIARRI.96K",
}
@article{Alam:1995mt,
      author         = "Alam, M.S. and others",
      title          = "{Tau decays into three charged leptons and two
                        neutrinos}",
      collaboration  = "CLEO",
      journal        = "Phys. Rev. Lett.",
      volume         = "76",
      pages          = "2637-2641",
      doi            = "10.1103/PhysRevLett.76.2637",
      year           = "1996",
      reportNumber   = "CLNS-95-1370, CLEO-95-19, SLAC-PUB-9947",
      SLACcitation   = "%%CITATION = PRLTA,76,2637;%%",
      pdgkey         = "ALAM.96",
}
@article{Albrecht:1996gr,
      author         = "Albrecht, H. and others",
      title          = "{Physics with ARGUS}",
      collaboration  = "ARGUS",
      journal        = "Phys. Rept.",
      volume         = "276",
      pages          = "223-405",
      year           = "1996",
      reportNumber   = "DESY-96-015",
      SLACcitation   = "%%CITATION = PRPLC,276,223;%%",
      pdgkey         = "ALBRECHT.96E",
}
@article{Alexander:1995tw,
      author         = "Alexander, G. and others",
      title          = "{Measurement of the tau- --> e-
                        anti-electron-neutrino tau-neutrino branching ratio}",
      collaboration  = "OPAL",
      journal        = "Phys. Lett.",
      volume         = "B369",
      pages          = "163-172",
      doi            = "10.1016/0370-2693(95)01600-7",
      year           = "1996",
      reportNumber   = "CERN-PPE-95-142",
      SLACcitation   = "%%CITATION = PHLTA,B369,163;%%",
      pdgkey         = "ALEXANDER.96D",
}
@article{Alexander:1996nc,
      author         = "Alexander, G. and others",
      title          = "{Improved measurement of the lifetime of the tau lepton}",
      collaboration  = "OPAL",
      journal        = "Phys. Lett.",
      volume         = "B374",
      pages          = "341-350",
      doi            = "10.1016/0370-2693(96)00255-9",
      year           = "1996",
      reportNumber   = "CERN-PPE-96-018, CERN-PPE-96-18",
      SLACcitation   = "%%CITATION = PHLTA,B374,341;%%",
      pdgkey         = "ALEXANDER.96E",
}
@article{Alexander:1996um,
      author         = "Alexander, G. and others",
      title          = "{Measurement of the branching fraction of the radiative
                        decay tau- --> mu- anti-muon-neutrino tau-neutrino
                        gamma}",
      collaboration  = "OPAL",
      journal        = "Phys. Lett.",
      volume         = "B388",
      pages          = "437-449",
      doi            = "10.1016/S0370-2693(96)01284-1",
      year           = "1996",
      reportNumber   = "CERN-PPE-96-121",
      SLACcitation   = "%%CITATION = PHLTA,B388,437;%%",
      pdgkey         = "ALEXANDER.96S",
}
@article{Bai:1995hf,
      author         = "Bai, J.Z. and others",
      title          = "{Measurement of the mass of the tau lepton}",
      collaboration  = "BES",
      journal        = "Phys. Rev.",
      volume         = "D53",
      pages          = "20-34",
      doi            = "10.1103/PhysRevD.53.20",
      year           = "1996",
      reportNumber   = "SLAC-PUB-6930, SLAC-PUB-95-6930, BIHEP-EP1-95-004",
      SLACcitation   = "%%CITATION = PHRVA,D53,20;%%",
      pdgkey         = "BAI.96",
}
@article{Balest:1996cr,
      author         = "Balest, R. and others",
      title          = "{Measurement of the tau lepton lifetime}",
      collaboration  = "CLEO",
      journal        = "Phys. Lett.",
      volume         = "B388",
      pages          = "402-408",
      doi            = "10.1016/S0370-2693(96)01163-X",
      year           = "1996",
      reportNumber   = "CLNS-96-1417, CLEO-96-8, SLAC-PUB-9918",
      SLACcitation   = "%%CITATION = PHLTA,B388,402;%%",
      pdgkey         = "BALEST.96",
}
@article{Bartelt:1996iv,
      author         = "Bartelt, John E. and others",
      title          = "{First observation of the decay tau- --> K- eta
                        tau-neutrino}",
      collaboration  = "CLEO",
      journal        = "Phys. Rev. Lett.",
      volume         = "76",
      pages          = "4119-4123",
      doi            = "10.1103/PhysRevLett.76.4119",
      year           = "1996",
      reportNumber   = "CLNS-96-1395, CLEO-96-5, SLAC-PUB-9940",
      SLACcitation   = "%%CITATION = PRLTA,76,4119;%%",
      pdgkey         = "BARTELT.96",
}
@article{Buskulic:1995ty,
      author         = "Buskulic, D. and others",
      title          = "{Tau hadronic branching ratios}",
      collaboration  = "ALEPH",
      journal        = "Z. Phys.",
      volume         = "C70",
      pages          = "579-608",
      doi            = "10.1007/s002880050134",
      year           = "1996",
      reportNumber   = "CERN-PPE-95-140",
      SLACcitation   = "%%CITATION = ZEPYA,C70,579;%%",
      pdgkey         = "BUSKULIC.96",
}
@article{Buskulic:1995rh,
      author         = "Buskulic, D. and others",
      title          = "{Tau leptonic branching ratios}",
      collaboration  = "ALEPH",
      journal        = "Z. Phys.",
      volume         = "C70",
      pages          = "561-578",
      doi            = "10.1007/s002880050133",
      year           = "1996",
      reportNumber   = "CERN-PPE-95-127",
      SLACcitation   = "%%CITATION = ZEPYA,C70,561;%%",
      pdgkey         = "BUSKULIC.96C",
}
@article{Coan:1996iu,
      author         = "Coan, T.E. and others",
      title          = "{Decays of tau leptons to final states containing K(s)0
                        mesons}",
      collaboration  = "CLEO",
      journal        = "Phys. Rev.",
      volume         = "D53",
      pages          = "6037-6053",
      doi            = "10.1103/PhysRevD.53.6037",
      year           = "1996",
      reportNumber   = "CLNS-96-1391, CLEO-96-3, SLAC-PUB-9943",
      SLACcitation   = "%%CITATION = PHRVA,D53,6037;%%",
      pdgkey         = "COAN.96",
}
@article{Abe:1995yj,
      author         = "Abe, K. and others",
      title          = "{Measurement of the tau lifetime at SLD}",
      collaboration  = "SLD",
      journal        = "Phys. Rev.",
      volume         = "D52",
      pages          = "4828-4837",
      doi            = "10.1103/PhysRevD.52.4828",
      year           = "1995",
      eprint         = "hep-ex/9506004",
      archivePrefix  = "arXiv",
      primaryClass   = "hep-ex",
      reportNumber   = "SLAC-PUB-6767, SLAC-PUB-95-6767",
      SLACcitation   = "%%CITATION = HEP-EX/9506004;%%",
      pdgkey         = "ABE.95Y",
}
@article{Abreu:1995gr,
      author         = "Abreu, P. and others",
      title          = "{A Measurement of the tau leptonic branching fractions}",
      collaboration  = "DELPHI",
      journal        = "Phys. Lett.",
      volume         = "B357",
      pages          = "715-724",
      doi            = "10.1016/0370-2693(95)00987-V",
      year           = "1995",
      reportNumber   = "CERN-PPE-95-114",
      SLACcitation   = "%%CITATION = PHLTA,B357,715;%%",
      pdgkey         = "ABREU.95T",
}
@article{Abreu:1995gs,
      author         = "Abreu, P. and others",
      title          = "{Upper limits on the branching ratios tau --> mu gamma
                        and tau --> e gamma}",
      collaboration  = "DELPHI",
      journal        = "Phys. Lett.",
      volume         = "B359",
      pages          = "411-421",
      doi            = "10.1016/0370-2693(95)01045-R",
      year           = "1995",
      reportNumber   = "CERN-PPE-95-115",
      SLACcitation   = "%%CITATION = PHLTA,B359,411;%%",
      pdgkey         = "ABREU.95U",
}
@article{Acciarri:1994vr,
      author         = "Acciarri, M. and others",
      title          = "{Measurement of exclusive branching fractions of hadronic
                        one space prong tau decays}",
      collaboration  = "L3",
      journal        = "Phys. Lett.",
      volume         = "B345",
      pages          = "93-102",
      doi            = "10.1016/0370-2693(94)01587-3",
      year           = "1995",
      reportNumber   = "CERN-PPE-94-178",
      SLACcitation   = "%%CITATION = PHLTA,B345,93;%%",
      pdgkey         = "ACCIARRI.95",
}
@article{Acciarri:1995kx,
      author         = "Acciarri, M. and others",
      title          = "{One prong tau decays with neutral kaons}",
      collaboration  = "L3",
      journal        = "Phys. Lett.",
      volume         = "B352",
      pages          = "487-497",
      doi            = "10.1016/0370-2693(95)00509-J",
      year           = "1995",
      reportNumber   = "CERN-PPE-95-42, CERN-PPE-95-042",
      SLACcitation   = "%%CITATION = PHLTA,B352,487;%%",
      pdgkey         = "ACCIARRI.95F",
}
@article{Akers:1994xf,
      author         = "Akers, R. and others",
      title          = "{A Test of CP invariance in Z0 --> tau+ tau- using
                        optimal observables}",
      collaboration  = "OPAL",
      journal        = "Z. Phys.",
      volume         = "C66",
      pages          = "31-44",
      doi            = "10.1007/BF01496578",
      year           = "1995",
      reportNumber   = "CERN-PPE-94-171",
      SLACcitation   = "%%CITATION = ZEPYA,C66,31;%%",
      pdgkey         = "AKERS.95F",
}
@article{Akers:1995nh,
      author         = "Akers, R. and others",
      title          = "{Measurement of the leptonic branching ratios of the tau
                        lepton}",
      collaboration  = "OPAL",
      journal        = "Z. Phys.",
      volume         = "C66",
      pages          = "543-554",
      doi            = "10.1007/BF01579629",
      year           = "1995",
      reportNumber   = "CERN-PPE-95-06, CERN-PPE-95-6, CERN-PPE-95-006",
      SLACcitation   = "%%CITATION = ZEPYA,C66,543;%%",
      pdgkey         = "AKERS.95I",
}
@article{Akers:1995vy,
      author         = "Akers, R. and others",
      title          = "{Measurement of the hadronic decay current in tau- -->
                        pi- pi- pi+ tau-neutrino}",
      collaboration  = "OPAL",
      journal        = "Z. Phys.",
      volume         = "C67",
      pages          = "45-56",
      doi            = "10.1007/BF01564820",
      year           = "1995",
      reportNumber   = "CERN-PPE-95-022, CERN-PPE-95-22",
      SLACcitation   = "%%CITATION = ZEPYA,C67,45;%%",
      pdgkey         = "AKERS.95P",
}
@article{Akers:1995ry,
      author         = "Akers, R. and others",
      title          = "{Measurement of the tau- --> h- h+ h- tau-neutrino
                        and tau- --> h- h+ h- >= 1 pi0 tau-neutrino
                        branching ratios}",
      collaboration  = "OPAL",
      journal        = "Z. Phys.",
      volume         = "C68",
      pages          = "555-568",
      doi            = "10.1007/BF01565256",
      year           = "1995",
      reportNumber   = "CERN-PPE-95-070, CERN-PPE-95-70",
      SLACcitation   = "%%CITATION = ZEPYA,C68,555;%%",
      pdgkey         = "AKERS.95Y",
}
@article{Albrecht:1994nm,
      author         = "Albrecht, H. and others",
      title          = "{The First measurement of the Michel parameter eta in tau
                        decays}",
      collaboration  = "ARGUS",
      journal        = "Phys. Lett.",
      volume         = "B341",
      pages          = "441-447",
      doi            = "10.1016/0370-2693(94)01386-Q",
      year           = "1995",
      reportNumber   = "DESY-94-100",
      SLACcitation   = "%%CITATION = PHLTA,B341,441;%%",
      pdgkey         = "ALBRECHT.95",
}
@article{Albrecht:1995un,
      author         = "Albrecht, H. and others",
      title          = "{Determination of the Michel parameters xi and delta in
                        leptonic tau decays}",
      collaboration  = "ARGUS",
      journal        = "Phys. Lett.",
      volume         = "B349",
      pages          = "576-584",
      doi            = "10.1016/0370-2693(95)00281-O",
      year           = "1995",
      reportNumber   = "DESY-95-011",
      SLACcitation   = "%%CITATION = PHLTA,B349,576;%%",
      pdgkey         = "ALBRECHT.95C",
}
@article{Albrecht:1995ht,
      author         = "Albrecht, H. and others",
      title          = "{A Search for lepton flavor violating decays tau -->
                        e alpha, tau --> mu alpha}",
      collaboration  = "ARGUS",
      journal        = "Z. Phys.",
      volume         = "C68",
      pages          = "25-28",
      doi            = "10.1007/BF01579801",
      year           = "1995",
      reportNumber   = "DESY-95-071",
      SLACcitation   = "%%CITATION = ZEPYA,C68,25;%%",
      pdgkey         = "ALBRECHT.95G",
}
@article{Albrecht:1995wx,
      author         = "Albrecht, H. and others",
      title          = "{Tau decays into K* mesons}",
      collaboration  = "ARGUS",
      journal        = "Z. Phys.",
      volume         = "C68",
      pages          = "215-220",
      doi            = "10.1007/BF01566669",
      year           = "1995",
      reportNumber   = "DESY-95-087",
      SLACcitation   = "%%CITATION = ZEPYA,C68,215;%%",
      pdgkey         = "ALBRECHT.95H",
}
@article{Balest:1995kq,
      author         = "Balest, R. and others",
      title          = "{Measurements of the decays tau- --> h- h+ h-
                        tau-neutrino and tau- --> h- h+ h- pi0 tau-neutrino}",
      collaboration  = "CLEO",
      journal        = "Phys. Rev. Lett.",
      volume         = "75",
      pages          = "3809-3813",
      doi            = "10.1103/PhysRevLett.75.3809",
      year           = "1995",
      reportNumber   = "CLNS-95-1347, CLEO-95-11",
      SLACcitation   = "%%CITATION = PRLTA,75,3809;%%",
      pdgkey         = "BALEST.95C",
}
@article{Buskulic:1994yh,
      author         = "Buskulic, D. and others",
      title          = "{Search for CP violation in the decay Z --> tau+
                        tau-}",
      collaboration  = "ALEPH",
      journal        = "Phys. Lett.",
      volume         = "B346",
      pages          = "371-378",
      doi            = "10.1016/0370-2693(95)00093-Z",
      year           = "1995",
      reportNumber   = "CERN-PPE-94-175, FSU-SCRI-94-128",
      SLACcitation   = "%%CITATION = PHLTA,B346,371;%%",
      pdgkey         = "BUSKULIC.95C",
}
@article{Buskulic:1994hi,
      author         = "Buskulic, D. and others",
      title          = "{Michel parameters and tau-neutrino helicity from decay
                        correlations in Z --> tau+ tau-}",
      collaboration  = "ALEPH",
      journal        = "Phys. Lett.",
      volume         = "B346",
      pages          = "379-388",
      doi            = "10.1016/0370-2693(95)00107-V,
                        10.1016/0370-2693(95)00107-V",
      year           = "1995",
      reportNumber   = "CERN-PPE-94-209",
      SLACcitation   = "%%CITATION = PHLTA,B346,379;%%",
      pdgkey         = "BUSKULIC.95D",
}
@article{Abreu:1994fi,
      author         = "Abreu, P. and others",
      title          = "{Charged kaon production in tau decays at LEP}",
      collaboration  = "DELPHI",
      journal        = "Phys. Lett.",
      volume         = "B334",
      pages          = "435-449",
      doi            = "10.1016/0370-2693(94)90711-0",
      year           = "1994",
      reportNumber   = "CERN-PPE-94-088, CERN-PPE-94-88",
      SLACcitation   = "%%CITATION = PHLTA,B334,435;%%",
      pdgkey         = "ABREU.94K",
}
@article{Akers:1994ex,
      author         = "Akers, R. and others",
      title          = "{Measurement of the tau- --> h- pi0 tau-neutrino and
                        tau- --> h- >= 2 pi0 tau-neutrino branching
                        ratios}",
      collaboration  = "OPAL",
      journal        = "Phys. Lett.",
      volume         = "B328",
      pages          = "207-222",
      doi            = "10.1016/0370-2693(94)90452-9",
      year           = "1994",
      reportNumber   = "CERN-PPE-94-42, CERN-PPE-94-042",
      SLACcitation   = "%%CITATION = PHLTA,B328,207;%%",
      pdgkey         = "AKERS.94E",
}
@article{Akers:1994td,
      author         = "Akers, R. and others",
      title          = "{Measurements of the inclusive branching ratios of tau
                        leptons to K0(s) and charged K* (892)}",
      collaboration  = "OPAL",
      journal        = "Phys. Lett.",
      volume         = "B339",
      pages          = "278-292",
      doi            = "10.1016/0370-2693(94)90645-9",
      year           = "1994",
      reportNumber   = "CERN-PPE-94-108",
      SLACcitation   = "%%CITATION = PHLTA,B339,278;%%",
      pdgkey         = "AKERS.94G",
}
@article{Albrecht:1994es,
      author         = "Albrecht, H. and others",
      title          = "{Determination of the structure of tau decays in the
                        reaction e+ e- --> tau+ tau- --> rho+
                        anti-tau-neutrino rho- tau-neutrino and a precision
                        measurement of the tau-neutrino helicity}",
      collaboration  = "ARGUS",
      journal        = "Phys. Lett.",
      volume         = "B337",
      pages          = "383-392",
      doi            = "10.1016/0370-2693(94)90992-X",
      year           = "1994",
      reportNumber   = "DESY-94-120",
      SLACcitation   = "%%CITATION = PHLTA,B337,383;%%",
      pdgkey         = "ALBRECHT.94E",
}
@article{Artuso:1994ii,
      author         = "Artuso, M. and others",
      title          = "{A Measurement of the branching fraction Beta (tau+-
                        --> h+- pi0 tau-neutrino)}",
      collaboration  = "CLEO",
      journal        = "Phys. Rev. Lett.",
      volume         = "72",
      pages          = "3762-3766",
      doi            = "10.1103/PhysRevLett.72.3762",
      year           = "1994",
      eprint         = "hep-ph/9404310",
      archivePrefix  = "arXiv",
      primaryClass   = "hep-ph",
      reportNumber   = "CLNS-94-1281, CLEO-94-11",
      SLACcitation   = "%%CITATION = HEP-PH/9404310;%%",
      pdgkey         = "ARTUSO.94",
}
@article{Bartelt:1994hn,
      author         = "Bartelt, John E. and others",
      title          = "{Search for neutrinoless decays of the tau lepton}",
      collaboration  = "CLEO",
      journal        = "Phys. Rev. Lett.",
      volume         = "73",
      pages          = "1890-1894",
      doi            = "10.1103/PhysRevLett.73.1890",
      year           = "1994",
      reportNumber   = "CLNS-94-1287, CLEO-94-15",
      SLACcitation   = "%%CITATION = PRLTA,73,1890;%%",
      pdgkey         = "BARTELT.94",
}
@article{Battle:1994by,
      author         = "Battle, M. and others",
      title          = "{Measurement of Cabibbo suppressed decays of the tau
                        lepton}",
      collaboration  = "CLEO",
      journal        = "Phys. Rev. Lett.",
      volume         = "73",
      pages          = "1079-1083",
      doi            = "10.1103/PhysRevLett.73.1079",
      year           = "1994",
      eprint         = "hep-ph/9403329",
      archivePrefix  = "arXiv",
      primaryClass   = "hep-ph",
      reportNumber   = "CLNS-94-1273, CLEO-94-8",
      SLACcitation   = "%%CITATION = HEP-PH/9403329;%%",
      pdgkey         = "BATTLE.94",
}

@article{Bauer:1993wn,
      author         = "Bauer, Daniel A. and others",
      title          = "{Measurement of the kaon content of three prong tau
                        decays}",
      collaboration  = "TPC/Two Gamma",
      journal        = "Phys. Rev.",
      volume         = "D50",
      pages          = "13-17",
      doi            = "10.1103/PhysRevD.50.13",
      year           = "1994",
      reportNumber   = "LBL-33037, SLAC-PUB-6250",
      SLACcitation   = "%%CITATION = PHRVA,D50,13;%%",
      pdgkey         = "BAUER.94",
}

@article{Buskulic:1993mn,
      author         = "Buskulic, D. and others",
      title          = "{Correlation measurements in Z --> tau+ tau- and the
                        tau-neutrino helicity}",
      collaboration  = "ALEPH",
      journal        = "Phys. Lett.",
      volume         = "B321",
      pages          = "168-176",
      doi            = "10.1016/0370-2693(94)90345-X",
      year           = "1994",
      reportNumber   = "CERN-PPE-93-181, FSU-SCRI-94-19",
      SLACcitation   = "%%CITATION = PHLTA,B321,168;%%",
      pdgkey         = "BUSKULIC.94D",
}
@article{Buskulic:1994je,
      author         = "Buskulic, D. and others",
      title          = "{One prong tau decays into charged kaons}",
      collaboration  = "ALEPH",
      journal        = "Phys. Lett.",
      volume         = "B332",
      pages          = "209-218",
      doi            = "10.1016/0370-2693(94)90881-8",
      year           = "1994",
      reportNumber   = "CERN-PPE-94-058, CERN-PPE-94-58",
      SLACcitation   = "%%CITATION = PHLTA,B332,209;%%",
      pdgkey         = "BUSKULIC.94E",
}
@article{Buskulic:1994jf,
      author         = "Buskulic, D. and others",
      title          = "{K0 production in one prong tau decays}",
      collaboration  = "ALEPH",
      journal        = "Phys. Lett.",
      volume         = "B332",
      pages          = "219-227",
      doi            = "10.1016/0370-2693(94)90882-6",
      year           = "1994",
      reportNumber   = "CERN-PPE-94-059, CERN-PPE-94-59",
      SLACcitation   = "%%CITATION = PHLTA,B332,219;%%",
      pdgkey         = "BUSKULIC.94F",
}
@article{Gibaut:1994ik,
      author         = "Gibaut, D. and others",
      title          = "{Study of the five charged pion decay of the tau lepton}",
      collaboration  = "CLEO",
      journal        = "Phys. Rev. Lett.",
      volume         = "73",
      pages          = "934-938",
      doi            = "10.1103/PhysRevLett.73.934",
      year           = "1994",
      reportNumber   = "CLNS-94-1284, CLEO-94-12",
      SLACcitation   = "%%CITATION = PRLTA,73,934;%%",
      pdgkey         = "GIBAUT.94B",
}
@article{Adriani:1993gk,
      author         = "Adriani, O. and others",
      title          = "{Results from the L3 experiment at LEP}",
      collaboration  = "L3",
      journal        = "Phys. Rept.",
      volume         = "236",
      pages          = "1-146",
      doi            = "10.1016/0370-1573(93)90027-B",
      year           = "1993",
      reportNumber   = "CERN-PPE-93-31",
      SLACcitation   = "%%CITATION = PRPLC,236,1;%%",
      pdgkey         = "ADRIANI.93M",
}
@article{Albrecht:1992ka,
      author         = "Albrecht, H. and others",
      title          = "{Analysis of the decay tau- --> pi- pi- pi+
                        tau-neutrino and determination of the a1 (1260) resonance
                        parameters}",
      collaboration  = "ARGUS",
      journal        = "Z. Phys.",
      volume         = "C58",
      pages          = "61-70",
      doi            = "10.1007/BF01554080",
      year           = "1993",
      reportNumber   = "DESY-92-125",
      SLACcitation   = "%%CITATION = ZEPYA,C58,61;%%",
      pdgkey         = "ALBRECHT.93C",
}
@article{Albrecht:1993fr,
      author         = "Albrecht, H. and others",
      title          = "{A Determination of two Michel parameters in purely
                        leptonic tau decays}",
      collaboration  = "ARGUS",
      journal        = "Phys. Lett.",
      volume         = "B316",
      pages          = "608-614",
      doi            = "10.1016/0370-2693(93)91051-N",
      year           = "1993",
      reportNumber   = "DESY-93-108",
      SLACcitation   = "%%CITATION = PHLTA,B316,608;%%",
      pdgkey         = "ALBRECHT.93G",
}

@article{Bean:1992hh,
      author         = "Bean, A. and others",
      title          = "{A Search for tau- --> gamma mu: A Test of lepton
                        number conservation}",
      collaboration  = "CLEO",
      journal        = "Phys. Rev. Lett.",
      volume         = "70",
      pages          = "138-142",
      doi            = "10.1103/PhysRevLett.70.138",
      year           = "1993",
      reportNumber   = "CLNS-92-1172, CLEO-92-11",
      SLACcitation   = "%%CITATION = PRLTA,70,138;%%",
      pdgkey         = "BEAN.93",
}
@article{Bortoletto:1993px,
      author         = "Bortoletto, D. and others",
      title          = "{Measurement of the decay tau- --> pi- pi+ pi- 2 pi0
                        tau-neutrino}",
      collaboration  = "CLEO",
      journal        = "Phys. Rev. Lett.",
      volume         = "71",
      pages          = "1791-1795",
      doi            = "10.1103/PhysRevLett.71.1791",
      year           = "1993",
      reportNumber   = "CLNS-93-1232, CLEO-93-11",
      SLACcitation   = "%%CITATION = PRLTA,71,1791;%%",
      pdgkey         = "BORTOLETTO.93",
}
@article{Escribano:1993pq,
      author         = "Escribano, R. and Masso, E.",
      title          = "{New bounds on the magnetic and electric moments of the
                        tau lepton}",
      journal        = "Phys. Lett.",
      volume         = "B301",
      pages          = "419-422",
      doi            = "10.1016/0370-2693(93)91172-J",
      year           = "1993",
      reportNumber   = "UAB-FT-297",
      SLACcitation   = "%%CITATION = PHLTA,B301,419;%%",
      pdgkey         = "ESCRIBANO.93",
}
@article{Procario:1992hd,
      author         = "Procario, M. and others",
      title          = "{Tau decays with one charged particle plus multiple
                        pi0s}",
      collaboration  = "CLEO",
      journal        = "Phys. Rev. Lett.",
      volume         = "70",
      pages          = "1207-1211",
      doi            = "10.1103/PhysRevLett.70.1207",
      year           = "1993",
      reportNumber   = "CLNS-92-1165, CLEO-92-9",
      SLACcitation   = "%%CITATION = PRLTA,70,1207;%%",
      pdgkey         = "PROCARIO.93",
}
@article{Abreu:1992gn,
      author         = "Abreu, P. and others",
      title          = "{A Study of the decays of tau leptons produced on the Z
                        resonance at LEP}",
      collaboration  = "DELPHI",
      journal        = "Z. Phys.",
      volume         = "C55",
      pages          = "555-568",
      doi            = "10.1007/BF01561293",
      year           = "1992",
      reportNumber   = "CERN-PPE-92-060, CERN-PPE-92-60",
      SLACcitation   = "%%CITATION = ZEPYA,C55,555;%%",
      pdgkey         = "ABREU.92N",
}
@article{Acton:1992ff,
      author         = "Acton, P.D. and others",
      title          = "{Test of CP invariance in e+ e- --> Z0 --> tau+
                        tau- and a limit on the weak dipole moment of the tau
                        lepton}",
      collaboration  = "OPAL",
      journal        = "Phys. Lett.",
      volume         = "B281",
      pages          = "405-415",
      doi            = "10.1016/0370-2693(92)91161-2",
      year           = "1992",
      reportNumber   = "CERN-PPE-92-14",
      SLACcitation   = "%%CITATION = PHLTA,B281,405;%%",
      pdgkey         = "ACTON.92F",
}
@article{Acton:1992by,
      author         = "Acton, P.D. and others",
      title          = "{Measurement of the tau topological branching ratios at
                        LEP}",
      collaboration  = "OPAL",
      journal        = "Phys. Lett.",
      volume         = "B288",
      pages          = "373-385",
      doi            = "10.1016/0370-2693(92)91117-R",
      year           = "1992",
      reportNumber   = "CERN-PPE-92-066, CERN-PPE-92-66",
      SLACcitation   = "%%CITATION = PHLTA,B288,373;%%",
      pdgkey         = "ACTON.92H",
}
@article{Akerib:1992hb,
      author         = "Akerib, D.S. and others",
      title          = "{Measurement of the tau lepton electronic branching
                        fraction}",
      collaboration  = "CLEO",
      journal        = "Phys. Rev. Lett.",
      volume         = "69",
      pages          = "3610-3614",
      doi            = "10.1103/PhysRevLett.69.3610, 10.1103/PhysRevLett.69.3610",
      year           = "1992",
      reportNumber   = "CLNS-92-1163, CLEO-92-8",
      SLACcitation   = "%%CITATION = PRLTA,69,3610;%%",
      pdgkey         = "AKERIB.92",
}
@article{Albrecht:1991rh,
      author         = "Albrecht, H. and others",
      title          = "{Measurement of exclusive one prong and inclusive three
                        prong branching ratios of the tau lepton}",
      collaboration  = "ARGUS",
      journal        = "Z. Phys.",
      volume         = "C53",
      pages          = "367-374",
      doi            = "10.1007/BF01625895",
      year           = "1992",
      reportNumber   = "DESY-91-084",
      SLACcitation   = "%%CITATION = ZEPYA,C53,367;%%",
      pdgkey         = "ALBRECHT.92D",
}
@article{Albrecht:1992uba,
      author         = "Albrecht, H. and others",
      title          = "{Search for neutrinoless tau decays}",
      collaboration  = "ARGUS",
      journal        = "Z. Phys.",
      volume         = "C55",
      pages          = "179-190",
      year           = "1992",
      reportNumber   = "DESY-92-013",
      SLACcitation   = "%%CITATION = ZEPYA,C55,179;%%",
      pdgkey         = "ALBRECHT.92K",
}
@article{Albrecht:1992td,
      author         = "Albrecht, H. and others",
      title          = "{A Measurement of the tau mass}",
      collaboration  = "ARGUS",
      journal        = "Phys. Lett.",
      volume         = "B292",
      pages          = "221-228",
      doi            = "10.1016/0370-2693(92)90634-G",
      year           = "1992",
      reportNumber   = "DESY-92-086",
      SLACcitation   = "%%CITATION = PHLTA,B292,221;%%",
      pdgkey         = "ALBRECHT.92M",
}
@article{Albrecht:1992pe,
      author         = "Albrecht, H. and others",
      title          = "{Measurement of the decay tau- --> rho-
                        tau-neutrino}",
      collaboration  = "ARGUS",
      journal        = "Z. Phys.",
      volume         = "C56",
      pages          = "339-346",
      doi            = "10.1007/BF01565941",
      year           = "1992",
      reportNumber   = "DESY-92-082",
      SLACcitation   = "%%CITATION = ZEPYA,C56,339;%%",
      pdgkey         = "ALBRECHT.92Q",
}
@article{Ammar:1991jc,
      author         = "Ammar, R. and others",
      title          = "{The Electronic branching ratio of the tau lepton}",
      collaboration  = "CLEO",
      journal        = "Phys. Rev.",
      volume         = "D45",
      pages          = "3976-3985",
      doi            = "10.1103/PhysRevD.45.3976",
      year           = "1992",
      reportNumber   = "CLNS-91-1123, CLEO-91-10",
      SLACcitation   = "%%CITATION = PHRVA,D45,3976;%%",
      pdgkey         = "AMMAR.92",
}
@article{Artuso:1992qu,
      author         = "Artuso, M. and others",
      title          = "{Measurement of tau decays involving eta mesons}",
      collaboration  = "CLEO",
      journal        = "Phys. Rev. Lett.",
      volume         = "69",
      pages          = "3278-3281",
      doi            = "10.1103/PhysRevLett.69.3278",
      year           = "1992",
      reportNumber   = "CLNS-92-1159, CLEO-92-07",
      SLACcitation   = "%%CITATION = PRLTA,69,3278;%%",
      pdgkey         = "ARTUSO.92",
}
@article{Bai:1992bu,
      author         = "Bai, J.Z. and others",
      title          = "{Measurement of the mass of the tau lepton}",
      collaboration  = "BES",
      journal        = "Phys. Rev. Lett.",
      volume         = "69",
      pages          = "3021-3024",
      doi            = "10.1103/PhysRevLett.69.3021",
      year           = "1992",
      reportNumber   = "SLAC-PUB-5870, BEPC-EP-92-01",
      SLACcitation   = "%%CITATION = PRLTA,69,3021;%%",
      pdgkey         = "BAI.92",
}
@article{Battle:1992qv,
      author         = "Battle, M. and others",
      title          = "{A Measurement of the tau lepton lifetime}",
      collaboration  = "CLEO",
      journal        = "Phys. Lett.",
      volume         = "B291",
      pages          = "488-495",
      doi            = "10.1016/0370-2693(92)91409-3",
      year           = "1992",
      reportNumber   = "CLNS-92-1157, CLEO-92-06",
      SLACcitation   = "%%CITATION = PHLTA,B291,488;%%",
      pdgkey         = "BATTLE.92",
}
@article{Buskulic:1992jj,
      author         = "Buskulic, D. and others",
      title          = "{Search for CP violation in Z --> tau tau}",
      collaboration  = "ALEPH",
      journal        = "Phys. Lett.",
      volume         = "B297",
      pages          = "459-468",
      doi            = "10.1016/0370-2693(92)91285-H",
      year           = "1992",
      reportNumber   = "CERN-PPE-92-161",
      SLACcitation   = "%%CITATION = PHLTA,B297,459;%%",
      pdgkey         = "BUSKULIC.92J",
}
@article{Decamp:1991jp,
      author         = "Decamp, D. and others",
      title          = "{Measurement of tau branching ratios}",
      collaboration  = "ALEPH",
      journal        = "Z. Phys.",
      volume         = "C54",
      pages          = "211-228",
      doi            = "10.1007/BF01566649",
      year           = "1992",
      reportNumber   = "CERN-PPE-91-186",
      SLACcitation   = "%%CITATION = ZEPYA,C54,211;%%",
      pdgkey         = "DECAMP.92C",
}
@article{Adeva:1991qq,
      author         = "Adeva, B. and others",
      title          = "{Decay properties of tau leptons measured at the Z0
                        resonance}",
      collaboration  = "L3",
      journal        = "Phys. Lett.",
      volume         = "B265",
      pages          = "451-461",
      doi            = "10.1016/0370-2693(91)90081-Z",
      year           = "1991",
      reportNumber   = "L3-031",
      SLACcitation   = "%%CITATION = PHLTA,B265,451;%%",
      pdgkey         = "ADEVA.91F",
}
@article{Albrecht:1990nc,
      author         = "Albrecht, H. and others",
      title          = "{Observation of the decay tau --> rho pi pi
                        tau-neutrino}",
      collaboration  = "ARGUS",
      journal        = "Phys. Lett.",
      volume         = "B260",
      pages          = "259-264",
      doi            = "10.1016/0370-2693(91)91000-L",
      year           = "1991",
      reportNumber   = "DESY-90-155",
      SLACcitation   = "%%CITATION = PHLTA,B260,259;%%",
      pdgkey         = "ALBRECHT.91D",
}
@article{Alexander:1991am,
      author         = "Alexander, G. and others",
      title          = "{Measurement of branching ratios and tau polarization
                        from tau --> e neutrino anti-neutrino , tau --> mu
                        neutrino anti-neutrino, and tau --> pi (K) neutrino
                        decays at LEP}",
      collaboration  = "OPAL",
      journal        = "Phys. Lett.",
      volume         = "B266",
      pages          = "201-217",
      doi            = "10.1016/0370-2693(91)90768-L",
      year           = "1991",
      reportNumber   = "CERN-PPE-91-103",
      SLACcitation   = "%%CITATION = PHLTA,B266,201;%%",
      pdgkey         = "ALEXANDER.91D",
}
@article{Antreasyan:1990fq,
      author         = "Antreasyan, D. and others",
      title          = "{Measurements of the branching ratios for the decays tau
                        --> hadron pi0 neutrino and tau --> hadron pi0 pi0
                        neutrino}",
      collaboration  = "Crystal Ball",
      journal        = "Phys. Lett.",
      volume         = "B259",
      pages          = "216-224",
      doi            = "10.1016/0370-2693(91)90161-I",
      year           = "1991",
      reportNumber   = "SLAC-PUB-5403, DESY-91-001, HEN-334",
      SLACcitation   = "%%CITATION = PHLTA,B259,216;%%",
      pdgkey         = "ANTREASYAN.91",
}
@article{Grifols:1990ha,
      author         = "Grifols, J.A. and Mendez, A.",
      title          = "{Electromagnetic properties of the tau lepton from Z0
                        decay}",
      journal        = "Phys. Lett.",
      volume         = "B255",
      pages          = "611-612",
      doi            = "10.1016/0370-2693(91)90276-V,
                        10.1016/0370-2693(91)90276-V",
      year           = "1991",
      reportNumber   = "UAB-FT-254",
      SLACcitation   = "%%CITATION = PHLTA,B255,611;%%",
      pdgkey         = "GRIFOLS.91",
}
@article{Abachi:1989vr,
      author         = "Abachi, S. and Derrick, M. and Kooijman, P. and Musgrave,
                        B. and Price, L. and others",
      title          = "{MEASUREMENT OF THE BRANCHING RATIO FOR THE DECAY tau-
                        --> e- anti-electron-neutrino tau-neutrino}",
      journal        = "Phys. Rev.",
      volume         = "D41",
      pages          = "1414-1424",
      doi            = "10.1103/PhysRevD.41.1414",
      year           = "1990",
      reportNumber   = "ANL-HEP-PR-89-61, IUHEE-89-3, UM-HE-89-23, PU-89-628",
      SLACcitation   = "%%CITATION = PHRVA,D41,1414;%%",
      pdgkey         = "ABACHI.90",
}
@article{Albrecht:1990zj,
      author         = "Albrecht, H. and others",
      title          = "{Determination of the Michel parameter in tau decay}",
      collaboration  = "ARGUS",
      journal        = "Phys. Lett.",
      volume         = "B246",
      pages          = "278-284",
      doi            = "10.1016/0370-2693(90)91346-D",
      year           = "1990",
      reportNumber   = "DESY-90-059",
      SLACcitation   = "%%CITATION = PHLTA,B246,278;%%",
      pdgkey         = "ALBRECHT.90E",
}
@article{Behrend:1989qx,
      author         = "Behrend, H.J. and others",
      title          = "{EXCLUSIVE tau DECAYS WITH THE CELLO DETECTOR AT PETRA}",
      collaboration  = "CELLO",
      journal        = "Z. Phys.",
      volume         = "C46",
      pages          = "537-546",
      doi            = "10.1007/BF01560254",
      year           = "1990",
      reportNumber   = "DESY 89/126",
      SLACcitation   = "%%CITATION = ZEPYA,C46,537;%%",
      pdgkey         = "BEHREND.90",
}
@article{Bowcock:1989mq,
      author         = "Bowcock, T.J.V. and others",
      title          = "{SEARCH FOR NEUTRINOLESS DECAYS OF THE tau LEPTON}",
      collaboration  = "CLEO",
      journal        = "Phys. Rev.",
      volume         = "D41",
      pages          = "805",
      doi            = "10.1103/PhysRevD.41.805",
      year           = "1990",
      reportNumber   = "CLNS-89/950, CLEO-89-13",
      SLACcitation   = "%%CITATION = PHRVA,D41,805;%%",
      pdgkey         = "BOWCOCK.90",
}
@article{delAguila:1990jg,
      author         = "del Aguila, F. and Sher, Marc",
      title          = "{The Electric dipole moment of the tau}",
      journal        = "Phys. Lett.",
      volume         = "B252",
      pages          = "116-118",
      doi            = "10.1016/0370-2693(90)91091-O",
      year           = "1990",
      reportNumber   = "WM-TH-109",
      SLACcitation   = "%%CITATION = PHLTA,B252,116;%%",
      pdgkey         = "DELAGUILA.90",
}
@article{Goldberg:1990ep,
      author         = "Goldberg, M. and others",
      title          = "{Study of K* production in tau decay}",
      collaboration  = "CLEO",
      journal        = "Phys. Lett.",
      volume         = "B251",
      pages          = "223-228",
      doi            = "10.1016/0370-2693(90)90256-6",
      year           = "1990",
      reportNumber   = "CLNS-90-997, CLEO-90-7",
      SLACcitation   = "%%CITATION = PHLTA,B251,223;%%",
      pdgkey         = "GOLDBERG.90",
}
@article{Wu:1989hx,
      author         = "Wu, D.Y. and Hayes, K.G. and Perl, Martin L. and Abrams,
                        G.S. and Amidei, D. and others",
      title          = "{RADIATIVE TAU PRODUCTION AND DECAY}",
      journal        = "Phys. Rev.",
      volume         = "D41",
      pages          = "2339",
      doi            = "10.1103/PhysRevD.41.2339",
      year           = "1990",
      reportNumber   = "SLAC-PUB-5128, LBL-27924",
      SLACcitation   = "%%CITATION = PHRVA,D41,2339;%%",
      pdgkey         = "WU.90",
}
@article{Abachi:1988gx,
      author         = "Abachi, S. and others",
      title          = "{PRODUCTION CROSS-SECTION AND TOPOLOGICAL DECAY BRANCHING
                        FRACTIONS OF THE tau LEPTON}",
      collaboration  = "HRS",
      journal        = "Phys. Rev.",
      volume         = "D40",
      pages          = "902",
      doi            = "10.1103/PhysRevD.40.902",
      year           = "1989",
      reportNumber   = "ANL-HEP-PR-88-90, IUHEE-88-9, UM-HE-88-38, PU-88-624",
      SLACcitation   = "%%CITATION = PHRVA,D40,902;%%",
      pdgkey         = "ABACHI.89B",
}
@article{Behrend:1989wc,
      author         = "Behrend, H.J. and others",
      title          = "{tau PRODUCTION AND DECAY WITH THE CELLO DETECTOR AT
                        PETRA}",
      collaboration  = "CELLO",
      journal        = "Phys. Lett.",
      volume         = "B222",
      pages          = "163",
      doi            = "10.1016/0370-2693(89)90741-7",
      year           = "1989",
      reportNumber   = "DESY 89/016",
      SLACcitation   = "%%CITATION = PHLTA,B222,163;%%",
      pdgkey         = "BEHREND.89B",
}
@article{Janssen:1989wg,
      author         = "Janssen, H. and others",
      title          = "{THE MICHEL PARAMETER FOR THE DECAY tau --> e
                        neutrino anti-neutrino}",
      collaboration  = "Crystal Ball",
      journal        = "Phys. Lett.",
      volume         = "B228",
      pages          = "273",
      doi            = "10.1016/0370-2693(89)90670-9",
      year           = "1989",
      reportNumber   = "DESY 89-054, SLAC-PUB-4958, HEN-317",
      SLACcitation   = "%%CITATION = PHLTA,B228,273;%%",
      pdgkey         = "JANSSEN.89",
}
@article{Kleinwort:1988sb,
      author         = "Kleinwort, C. and others",
      title          = "{A MEASUREMENT OF THE tau LEPTON LIFETIME}",
      collaboration  = "JADE",
      journal        = "Z. Phys.",
      volume         = "C42",
      pages          = "7",
      doi            = "10.1007/BF01565124",
      year           = "1989",
      reportNumber   = "DESY-88-155",
      SLACcitation   = "%%CITATION = ZEPYA,C42,7;%%",
      pdgkey         = "KLEINWORT.89",
}
@article{Adeva:1988eq,
      author         = "Adeva, B. and others",
      title          = "{Electroweak studies in e+ e- collisions: 12 &lt;
                        s**(1/2) &lt; 46.78 GeV}",
      collaboration  = "MARK J",
      journal        = "Phys. Rev.",
      volume         = "D38",
      pages          = "2665-2678",
      doi            = "10.1103/PhysRevD.38.2665",
      year           = "1988",
      SLACcitation   = "%%CITATION = PHRVA,D38,2665;%%",
      pdgkey         = "ADEVA.88",
}
@article{Albrecht:1987zf,
      author         = "Albrecht, H. and others",
      title          = "{An Improved Upper Limit on the tau-neutrino Mass from
                        the Decay tau- --> pi- pi- pi- pi+ pi+ tau-neutrino}",
      collaboration  = "ARGUS",
      journal        = "Phys. Lett.",
      volume         = "B202",
      pages          = "149",
      doi            = "10.1016/0370-2693(88)90870-2",
      year           = "1988",
      reportNumber   = "DESY 87/148",
      SLACcitation   = "%%CITATION = PHLTA,B202,149;%%",
      pdgkey         = "ALBRECHT.88B",
}
@article{Albrecht:1988bt,
      author         = "Albrecht, H. and others",
      title          = "{MEASUREMENT OF THE DECAYS tau- --> K*- tau-neutrino
                        AND tau- --> rho- tau-neutrino}",
      collaboration  = "ARGUS",
      journal        = "Z. Phys.",
      volume         = "C41",
      pages          = "1",
      doi            = "10.1007/BF01412572",
      year           = "1988",
      reportNumber   = "DESY 88/088",
      SLACcitation   = "%%CITATION = ZEPYA,C41,1;%%",
      pdgkey         = "ALBRECHT.88L",
}
@article{Albrecht:1988ik,
      author         = "Albrecht, H. and others",
      title          = "{UPPER LIMITS FOR THE DECAY OF tau LEPTONS INTO eta
                        MESONS}",
      collaboration  = "ARGUS",
      journal        = "Z. Phys.",
      volume         = "C41",
      pages          = "405",
      doi            = "10.1007/BF01585624",
      year           = "1988",
      reportNumber   = "DESY 88/113",
      SLACcitation   = "%%CITATION = ZEPYA,C41,405;%%",
      pdgkey         = "ALBRECHT.88M",
}
@article{Amidei:1987zj,
      author         = "Amidei, D. and Trilling, G. and Abrams, G.S. and Baden,
                        A.R. and Boyer, J. and others",
      title          = "{MEASUREMENT OF THE TAU LIFETIME}",
      journal        = "Phys. Rev.",
      volume         = "D37",
      pages          = "1750",
      doi            = "10.1103/PhysRevD.37.1750",
      year           = "1988",
      reportNumber   = "SLAC-PUB-4362, LBL-23707",
      SLACcitation   = "%%CITATION = PHRVA,D37,1750;%%",
      pdgkey         = "AMIDEI.88",
}
@article{Behrend:1987fa,
      author         = "Behrend, H.J. and others",
      title          = "{UPPER LIMIT FOR THE DECAY tau --> eta pi neutrino}",
      collaboration  = "CELLO",
      journal        = "Phys. Lett.",
      volume         = "B200",
      pages          = "226",
      doi            = "10.1016/0370-2693(88)91141-0",
      year           = "1988",
      reportNumber   = "DESY 87/127",
      SLACcitation   = "%%CITATION = PHLTA,B200,226;%%",
      pdgkey         = "BEHREND.88",
}
@article{Braunschweig:1988yy,
      author         = "Braunschweig, W. and others",
      title          = "{A MEASUREMENT OF THE tau LIFETIME}",
      collaboration  = "TASSO",
      journal        = "Z. Phys.",
      volume         = "C39",
      pages          = "331",
      year           = "1988",
      reportNumber   = "DESY-88-034",
      SLACcitation   = "%%CITATION = ZEPYA,C39,331;%%",
      pdgkey         = "BRAUNSCHWEIG.88C",
}
@article{Keh:1988gs,
      author         = "Keh, S. and others",
      title          = "{SEARCH FOR EXOTIC TAU DECAYS}",
      collaboration  = "Crystal Ball",
      journal        = "Phys. Lett.",
      volume         = "B212",
      pages          = "123",
      doi            = "10.1016/0370-2693(88)91248-8",
      year           = "1988",
      reportNumber   = "DESY 88/065, SLAC-PUB-4634, HEN-295",
      SLACcitation   = "%%CITATION = PHLTA,B212,123;%%",
      pdgkey         = "KEH.88",
}
@article{Tschirhart:1987uh,
      author         = "Tschirhart, R. and Abachi, S. and Akerlof, C. and
                        Baringer, Philip S. and Blockus, D. and others",
      title          = "{MEASUREMENT OF THE INCLUSIVE K0(S) BRANCHING FRACTION IN
                        TAU DECAY}",
      journal        = "Phys. Lett.",
      volume         = "B205",
      pages          = "407",
      doi            = "10.1016/0370-2693(88)91688-7",
      year           = "1988",
      reportNumber   = "ANL-HEP-CP-87-59, CONF-870797-9",
      SLACcitation   = "%%CITATION = PHLTA,B205,407;%%",
      pdgkey         = "TSCHIRHART.88",
}
@article{Abachi:1987hw,
      author         = "Abachi, S. and Baringer, Philip S. and Bylsma, B.G. and
                        Debonte, R. and Koltick, D.S. and others",
      title          = "{INCLUSIVE eta PRODUCTION IN tau DECAYS}",
      journal        = "Phys. Lett.",
      volume         = "B197",
      pages          = "291",
      doi            = "10.1016/0370-2693(87)90386-8",
      year           = "1987",
      reportNumber   = "ANL-HEP-PR-87-72, PU-87-603, IUHEE-87-11, UM-HE-87-18",
      SLACcitation   = "%%CITATION = PHLTA,B197,291;%%",
      pdgkey         = "ABACHI.87B",
}
@article{Abachi:1987nh,
      author         = "Abachi, S. and others",
      title          = "{MEASUREMENT OF THE TAU LEPTON LIFETIME}",
      collaboration  = "HRS",
      journal        = "Phys. Rev. Lett.",
      volume         = "59",
      pages          = "2519",
      doi            = "10.1103/PhysRevLett.59.2519",
      year           = "1987",
      reportNumber   = "ANL-HEP-PR-87-1, IUHEE-87-2, UM-HE-87-01, PU-87-692",
      SLACcitation   = "%%CITATION = PRLTA,59,2519;%%",
      pdgkey         = "ABACHI.87C",
}
@article{Adler:1987bf,
      author         = "Adler, J. and Becker, J. and Blaylock, G. and Bolton, T.
                        and Brown, J.S. and others",
      title          = "{MEASUREMENT OF THE DECAY tau --> rho neutrino}",
      journal        = "Phys. Rev. Lett.",
      volume         = "59",
      pages          = "1527",
      doi            = "10.1103/PhysRevLett.59.1527",
      year           = "1987",
      reportNumber   = "SLAC-PUB-4205",
      SLACcitation   = "%%CITATION = PRLTA,59,1527;%%",
      pdgkey         = "ADLER.87B",
}
@article{Aihara:1986mw,
      author         = "Aihara, H. and others",
      title          = "{Measurement of $\tau$ branching ratios}",
      collaboration  = "TPC/Two Gamma",
      journal        = "Phys. Rev.",
      volume         = "D35",
      pages          = "1553",
      doi            = "10.1103/PhysRevD.35.1553",
      year           = "1987",
      reportNumber   = "JHU-HEP-86-104",
      SLACcitation   = "%%CITATION = PHRVA,D35,1553;%%",
      pdgkey         = "AIHARA.87B",
}
@article{Aihara:1987zm,
      author         = "Aihara, H. and others",
      title          = "{Experimental limit on the decay $\tau^- \to \tau^-\nu
                        K^- K^0$}",
      collaboration  = "TPC/Two Gamma",
      journal        = "Phys. Rev. Lett.",
      volume         = "59",
      pages          = "751",
      doi            = "10.1103/PhysRevLett.59.751",
      year           = "1987",
      reportNumber   = "LBL-23176",
      SLACcitation   = "%%CITATION = PRLTA,59,751;%%",
      pdgkey         = "AIHARA.87C",
}

@article{Albrecht:1987fb,
      author         = "Albrecht, H. and others",
      title          = "{A MEASUREMENT OF THE TAU LIFETIME}",
      collaboration  = "ARGUS",
      journal        = "Phys. Lett.",
      volume         = "B199",
      pages          = "580",
      doi            = "10.1016/0370-2693(87)91631-5",
      year           = "1987",
      reportNumber   = "DESY 87/128",
      SLACcitation   = "%%CITATION = PHLTA,B199,580;%%",
      pdgkey         = "ALBRECHT.87P",
}
@article{Band:1987nv,
      author         = "Band, H. and others",
      title          = "{MEASUREMENTS OF TAU DECAYS TO THREE PIONS}",
      collaboration  = "MAC COLLABORATION",
      journal        = "Phys. Lett.",
      volume         = "B198",
      pages          = "297-301",
      doi            = "10.1016/0370-2693(87)91514-0",
      year           = "1987",
      reportNumber   = "SLAC-PUB-4333",
      SLACcitation   = "%%CITATION = PHLTA,B198,297;%%",
      pdgkey         = "BAND.87",
}
@article{Band:1987bm,
      author         = "Band, H. and others",
      title          = "{PRECISE MEASUREMENT OF THE LIFETIME OF THE TAU LEPTON}",
      collaboration  = "MAC",
      journal        = "Phys. Rev. Lett.",
      volume         = "59",
      pages          = "415",
      doi            = "10.1103/PhysRevLett.59.415",
      year           = "1987",
      reportNumber   = "SLAC-PUB-4294, COLO-HEP-147",
      SLACcitation   = "%%CITATION = PRLTA,59,415;%%",
      pdgkey         = "BAND.87B",
}
@article{Baringer:1987tr,
      author         = "Baringer, Philip S. and others",
      title          = "{PRODUCTION OF eta AND omega MESONS IN tau DECAY AND A
                        SEARCH FOR SECOND CLASS CURRENTS}",
      collaboration  = "CLEO",
      journal        = "Phys. Rev. Lett.",
      volume         = "59",
      pages          = "1993",
      doi            = "10.1103/PhysRevLett.59.1993",
      year           = "1987",
      reportNumber   = "CLNS-87-90, CLEO-87-6",
      SLACcitation   = "%%CITATION = PRLTA,59,1993;%%",
      pdgkey         = "BARINGER.87",
}
@article{Bebek:1987nh,
      author         = "Bebek, C. and others",
      title          = "{MEASUREMENT OF THE TAU LIFETIME}",
      collaboration  = "CLEO",
      journal        = "Phys. Rev.",
      volume         = "D36",
      pages          = "690",
      doi            = "10.1103/PhysRevD.36.690",
      year           = "1987",
      reportNumber   = "CLNS-87/74, CLEO-87-3",
      SLACcitation   = "%%CITATION = PHRVA,D36,690;%%",
      pdgkey         = "BEBEK.87C",
}
@article{Burchat:1986yp,
      author         = "Burchat, P. and Feldman, G.J. and Barklow, T. and
                        Boyarski, A. and Burke, D.L. and others",
      title          = "{MEASUREMENT OF THE BRANCHING FRACTIONS OF THE tau LEPTON
                        USING A TAGGED SAMPLE OF tau DECAYS}",
      journal        = "Phys. Rev.",
      volume         = "D35",
      pages          = "27",
      doi            = "10.1103/PhysRevD.35.27",
      year           = "1987",
      reportNumber   = "SLAC-PUB-4006, LBL-21915",
      SLACcitation   = "%%CITATION = PHRVA,D35,27;%%",
      pdgkey         = "BURCHAT.87",
}
@article{Bylsma:1986zy,
      author         = "Bylsma, B.G. and Abachi, S. and Baringer, Philip S. and
                        DeBonte, R. and Koltick, D.S. and others",
      title          = "{LIMIT ON tau DECAY TO SEVEN CHARGED PARTICLES}",
      journal        = "Phys. Rev.",
      volume         = "D35",
      pages          = "2269",
      doi            = "10.1103/PhysRevD.35.2269",
      year           = "1987",
      reportNumber   = "ANL-HEP-PR-86-117, PU-86-587, IUHEE-103, UM-HE-86-28",
      SLACcitation   = "%%CITATION = PHRVA,D35,2269;%%",
      pdgkey         = "BYLSMA.87",
}
@article{Coffman:1987da,
      author         = "Coffman, D. and others",
      title          = "{AN UPPER LIMIT ON B (tau --> eta pi neutrino)}",
      collaboration  = "MARK-III",
      journal        = "Phys. Rev.",
      volume         = "D36",
      pages          = "2185",
      doi            = "10.1103/PhysRevD.36.2185",
      year           = "1987",
      reportNumber   = "SLAC-PUB-4314",
      SLACcitation   = "%%CITATION = PHRVA,D36,2185;%%",
      pdgkey         = "COFFMAN.87",
}
@article{Derrick:1987sp,
      author         = "Derrick, M. and Kooijman, P. and Loos, J.S. and Musgrave,
                        B. and Price, L.E. and others",
      title          = "{EVIDENCE FOR THE DECAY tau+ --> pi+ eta
                        anti-tau-neutrino}",
      journal        = "Phys. Lett.",
      volume         = "B189",
      pages          = "260",
      doi            = "10.1016/0370-2693(87)91308-6",
      year           = "1987",
      reportNumber   = "ANL-HEP-PR-86-106, IUHEE-102, UM-HE-86-28, PU-86-586",
      SLACcitation   = "%%CITATION = PHLTA,B189,260;%%",
      pdgkey         = "DERRICK.87",
}
@article{Ford:1986zk,
      author         = "Ford, William T. and Qi, N. and Read, Alexander L. and
                        Smith, James G. and Camporesi, T. and others",
      title          = "{A PRECISE MEASUREMENT OF THE BRANCHING FRACTION FOR THE
                        DECAY tau --> tau-neutrino pi}",
      journal        = "Phys. Rev.",
      volume         = "D35",
      pages          = "408",
      doi            = "10.1103/PhysRevD.35.408",
      year           = "1987",
      reportNumber   = "SLAC-PUB-4036, COLO-HEP-123",
      SLACcitation   = "%%CITATION = PHRVA,D35,408;%%",
      pdgkey         = "FORD.87",
}
@article{Ford:1987ha,
      author         = "Ford, William T. and Qi, N. and Read, Alexander L. and
                        Smith, James G. and Camporesi, T. and others",
      title          = "{MEASUREMENT OF THE POLARIZATION OF tau LEPTONS PRODUCED
                        IN e+ e- ANNIHILATION AT S**(1/2) = 29-GeV}",
      journal        = "Phys. Rev.",
      volume         = "D36",
      pages          = "1971",
      doi            = "10.1103/PhysRevD.36.1971",
      year           = "1987",
      reportNumber   = "SLAC-PUB-4066, COLO-HEP-132",
      SLACcitation   = "%%CITATION = PHRVA,D36,1971;%%",
      pdgkey         = "FORD.87B",
}
@article{Gan:1987mr,
      author         = "Gan, K.K. and Abrams, G.S. and Amidei, D. and Baden, A.R.
                        and Barklow, T. and others",
      title          = "{STUDY OF tau DECAY MODES WITH MULTIPLE NEUTRAL MESONS IN
                        THE FINAL STATES}",
      journal        = "Phys. Rev. Lett.",
      volume         = "59",
      pages          = "411",
      doi            = "10.1103/PhysRevLett.59.411",
      year           = "1987",
      reportNumber   = "SLAC-PUB-4110, LBL-22362",
      SLACcitation   = "%%CITATION = PRLTA,59,411;%%",
      pdgkey         = "GAN.87",
}
@article{Gan:1987xs,
      author         = "Gan, K.K. and Abrams, G.S. and Amidei, D. and Baden, A.R.
                        and Barklow, T. and others",
      title          = "{UPPER LIMIT ON THE BRANCHING RATIO FOR THE DECAY tau-
                        --> pi- eta tau-neutrino}",
      journal        = "Phys. Lett.",
      volume         = "B197",
      pages          = "561",
      doi            = "10.1016/0370-2693(87)91056-2",
      year           = "1987",
      reportNumber   = "SLAC-PUB-4365, LBL-23754",
      SLACcitation   = "%%CITATION = PHLTA,B197,561;%%",
      pdgkey         = "GAN.87B",
}
@article{Aihara:1986nj,
      author         = "Aihara, H. and others",
      title          = "{Measurement of the inclusive branching fraction $\tau^-
                        \to \nu_\tau \pi^-\pi^0$ neutral meson(s)}",
      collaboration  = "TPC/Two Gamma",
      journal        = "Phys. Rev. Lett.",
      volume         = "57",
      pages          = "1836",
      doi            = "10.1103/PhysRevLett.57.1836",
      year           = "1986",
      reportNumber   = "LBL-21766",
      SLACcitation   = "%%CITATION = PRLTA,57,1836;%%",
      pdgkey         = "AIHARA.86E",
}
@article{Bartel:1986un,
      author         = "Bartel, W. and others",
      title          = "{MEASUREMENT OF THE BRANCHING FRACTIONS FOR tau --> e
                        electron-neutrino tau-neutrino, tau --> mu
                        muon-neutrino tau-neutrino AND tau --> pi
                        tau-neutrino}",
      collaboration  = "JADE",
      journal        = "Phys. Lett.",
      volume         = "B182",
      pages          = "216",
      doi            = "10.1016/0370-2693(86)91580-7",
      year           = "1986",
      reportNumber   = "DESY 86/091, C86/07/16",
      SLACcitation   = "%%CITATION = PHLTA,B182,216;%%",
      pdgkey         = "BARTEL.86D",
}
@article{Ruckstuhl:1986qg,
      author         = "Ruckstuhl, W. and others",
      title          = "{STUDY OF THE THREE PRONG tau DECAYS AND DETERMINATION OF
                        THE A1 PARAMETERS}",
      collaboration  = "DELCO",
      journal        = "Phys. Rev. Lett.",
      volume         = "56",
      pages          = "2132",
      doi            = "10.1103/PhysRevLett.56.2132",
      year           = "1986",
      reportNumber   = "CALT-68-1310",
      SLACcitation   = "%%CITATION = PRLTA,56,2132;%%",
      pdgkey         = "RUCKSTUHL.86",
}
@article{Schmidke:1986gp,
      author         = "Schmidke, W.B. and Abrams, G.S. and Matteuzzi, C. and
                        Amidei, D. and Baden, A.R. and others",
      title          = "{STUDY OF THE DECAY tau- --> pi- pi- pi+
                        tau-neutrino}",
      journal        = "Phys. Rev. Lett.",
      volume         = "57",
      pages          = "527-530",
      doi            = "10.1103/PhysRevLett.57.527",
      year           = "1986",
      reportNumber   = "SLAC-PUB-4031, LBL-21417",
      SLACcitation   = "%%CITATION = PRLTA,57,527;%%",
      pdgkey         = "SCHMIDKE.86",
}
@article{Yelton:1985sx,
      author         = "Yelton, J.M. and Dorfan, J. and Abrams, G.S. and Amidei,
                        D. and Baden, A.R. and others",
      title          = "{MEASUREMENT OF THE BRANCHING FRACTIONS tau- --> rho-
                        tau-neutrino AND tau- --> K*- tau-neutrino}",
      journal        = "Phys. Rev. Lett.",
      volume         = "56",
      pages          = "812",
      doi            = "10.1103/PhysRevLett.56.812",
      year           = "1986",
      reportNumber   = "SLAC-PUB-3579, LBL-19163",
      SLACcitation   = "%%CITATION = PRLTA,56,812;%%",
      pdgkey         = "YELTON.86",
}
@article{Althoff:1984ja,
      author         = "Althoff, M. and others",
      title          = "{THE PRODUCTION AND DECAY OF TAU LEPTONS IN e+ e-
                        ANNIHILATION AT PETRA ENERGIES}",
      collaboration  = "TASSO",
      journal        = "Z. Phys.",
      volume         = "C26",
      pages          = "521",
      doi            = "10.1007/BF01551794",
      year           = "1985",
      reportNumber   = "DESY 84/091, OUNP 65/84",
      SLACcitation   = "%%CITATION = ZEPYA,C26,521;%%",
      pdgkey         = "ALTHOFF.85",
}
@article{Ash:1985hp,
      author         = "Ash, W. and Band, H. and Blume, H.T. and Camporesi, T.
                        and Chadwick, G.B. and others",
      title          = "{PRECISE MEASUREMENTS OF THE LEPTONIC BRANCHING RATIOS OF
                        THE TAU LEPTON}",
      journal        = "Phys. Rev. Lett.",
      volume         = "55",
      pages          = "2118",
      doi            = "10.1103/PhysRevLett.55.2118",
      year           = "1985",
      reportNumber   = "SLAC-PUB-3745, COLO-HEP-98",
      SLACcitation   = "%%CITATION = PRLTA,55,2118;%%",
      pdgkey         = "ASH.85B",
}
@article{Baltrusaitis:1985fh,
      author         = "Baltrusaitis, R.M. and others",
      title          = "{tau LEPTONIC BRANCHING RATIOS AND A SEARCH FOR GOLDSTONE
                        DECAY}",
      collaboration  = "MARK-III",
      journal        = "Phys. Rev. Lett.",
      volume         = "55",
      pages          = "1842",
      doi            = "10.1103/PhysRevLett.55.1842",
      year           = "1985",
      reportNumber   = "SLAC-PUB-3732",
      SLACcitation   = "%%CITATION = PRLTA,55,1842;%%",
      pdgkey         = "BALTRUSAITIS.85",
}

@article{Behrends:1985pm,
      author         = "Behrends, S. and others",
      title          = "{NEW DETERMINATION OF THE MICHEL PARAMETER IN TAU DECAY}",
      collaboration  = "CLEO",
      journal        = "Phys. Rev.",
      volume         = "D32",
      pages          = "2468-2470",
      doi            = "10.1103/PhysRevD.32.2468",
      year           = "1985",
      SLACcitation   = "%%CITATION = PHRVA,D32,2468;%%",
      pdgkey         = "BEHRENDS.85",
}
@article{Beltrami:1985vb,
      author         = "Beltrami, I. and Bylsma, B.G. and DeBonte, R. and Gan,
                        K.K. and Koltick, D.S. and others",
      title          = "{OBSERVATION OF tau LEPTON DECAY TO FIVE CHARGED
                        PARTICLES}",
      journal        = "Phys. Rev. Lett.",
      volume         = "54",
      pages          = "1775",
      doi            = "10.1103/PhysRevLett.54.1775",
      year           = "1985",
      reportNumber   = "PU-85-524, ANL-HEP-PR-85-06, IUHEE-61, UM HE 85-04",
      SLACcitation   = "%%CITATION = PRLTA,54,1775;%%",
      pdgkey         = "BELTRAMI.85",
}
@article{Berger:1985in,
      author         = "Berger, Christoph and others",
      title          = "{MEASUREMENTS OF TAU LEPTON PRODUCTION AND DECAY}",
      collaboration  = "PLUTO",
      journal        = "Z. Phys.",
      volume         = "C28",
      pages          = "1",
      doi            = "10.1007/BF01550242",
      year           = "1985",
      reportNumber   = "DESY 85/017",
      SLACcitation   = "%%CITATION = ZEPYA,C28,1;%%",
      pdgkey         = "BERGER.85",
}
@article{Burchat:1985mv,
      author         = "Burchat, P. and Schmidke, W.B. and Yelton, J.M. and
                        Abrams, G.S. and Amidei, D. and others",
      title          = "{MEASUREMENT OF THE BRANCHING FRACTION FOR tau- --> 5
                        pi+- (pi0) tau-neutrino AND AN UPPER LIMIT ON THE
                        tau-neutrino MASS}",
      journal        = "Phys. Rev. Lett.",
      volume         = "54",
      pages          = "2489",
      doi            = "10.1103/PhysRevLett.54.2489",
      year           = "1985",
      reportNumber   = "SLAC-PUB-3602, LBL-19387",
      SLACcitation   = "%%CITATION = PRLTA,54,2489;%%",
      pdgkey         = "BURCHAT.85",
}
@article{Fernandez:1984if,
      author         = "Fernandez, E. and Ford, William T. and Qi, N. and Read,
                        Alexander L. and Smith, James G. and others",
      title          = "{MEASUREMENT OF tau LIFETIME AND BRANCHING RATIOS}",
      journal        = "Phys. Rev. Lett.",
      volume         = "54",
      pages          = "1624",
      doi            = "10.1103/PhysRevLett.54.1624",
      year           = "1985",
      reportNumber   = "SLAC-PUB-3524, COLO-HEP-84",
      SLACcitation   = "%%CITATION = PRLTA,54,1624;%%",
      pdgkey         = "FERNANDEZ.85",
}
@article{Mills:1985mh,
      author         = "Mills, Geoffrey B. and others",
      title          = "{AN UPPER BOUND ON THE tau-NEUTRINO MASS FROM THE
                        PREVIOUSLY UNOBSERVED DECAY MODE tau --> K K pi
                        tau-neutrino}",
      collaboration  = "DELCO",
      journal        = "Phys. Rev. Lett.",
      volume         = "54",
      pages          = "624",
      doi            = "10.1103/PhysRevLett.54.624",
      year           = "1985",
      reportNumber   = "CALT-68-1196",
      SLACcitation   = "%%CITATION = PRLTA,54,624;%%",
      pdgkey         = "MILLS.85",
}
@article{Aihara:1984hr,
      author         = "Aihara, H. and others",
      title          = "{tau LEPTON BRANCHING FRACTIONS}",
      collaboration  = "TPC/Two Gamma",
      journal        = "Phys. Rev.",
      volume         = "D30",
      pages          = "2436",
      doi            = "10.1103/PhysRevD.30.2436",
      year           = "1984",
      reportNumber   = "LBL-18014",
      SLACcitation   = "%%CITATION = PHRVA,D30,2436;%%",
      pdgkey         = "AIHARA.84C",
}
@article{Behrend:1984up,
      author         = "Behrend, H.J. and others",
      title          = "{NEW DATA ON SEMIHADRONIC DECAYS OF THE tau LEPTON}",
      collaboration  = "CELLO",
      journal        = "Z. Phys.",
      volume         = "C23",
      pages          = "103",
      doi            = "10.1007/BF01557585",
      year           = "1984",
      reportNumber   = "DESY 84/008",
      SLACcitation   = "%%CITATION = ZEPYA,C23,103;%%",
      pdgkey         = "BEHREND.84",
}
@article{Mills:1984dn,
      author         = "Mills, Geoffrey B. and others",
      title          = "{MEASUREMENT OF THE CABIBBO SUPPRESSED DECAYS tau -->
                        K tau-neutrino AND tau --> K tau-neutrino n pi0}",
      collaboration  = "DELCO",
      journal        = "Phys. Rev. Lett.",
      volume         = "52",
      pages          = "1944",
      doi            = "10.1103/PhysRevLett.52.1944",
      year           = "1984",
      reportNumber   = "CALT-68-1104, SLAC-PUB-3338",
      SLACcitation   = "%%CITATION = PRLTA,52,1944;%%",
      pdgkey         = "MILLS.84",
}

@article{Silverman:1982ft,
      author         = "Silverman, Dennis J. and Shaw, Gordon L.",
      title          = "{LIMITS ON THE COMPOSITE STRUCTURE OF THE TAU LEPTON AND
                        QUARKS FROM ANOMALOUS MAGNETIC MOMENT MEASUREMENTS IN e+
                        e- ANNIHILATION}",
      journal        = "Phys. Rev.",
      volume         = "D27",
      pages          = "1196",
      doi            = "10.1103/PhysRevD.27.1196",
      year           = "1983",
      reportNumber   = "UCI-82-11",
      SLACcitation   = "%%CITATION = PHRVA,D27,1196;%%",
      pdgkey         = "SILVERMAN.83",
}

@article{Blocker:1982rw,
      author         = "Blocker, C.A. and Abrams, G.S. and Alam, M.S. and
                        Blondel, A. and Boyarski, A. and others",
      title          = "{MEASUREMENT OF THE BRANCHING FRACTION FOR THE CABIBBO
                        SUPPRESSED DECAY tau- --> K- tau-neutrino}",
      journal        = "Phys. Rev. Lett.",
      volume         = "48",
      pages          = "1586",
      doi            = "10.1103/PhysRevLett.48.1586",
      year           = "1982",
      reportNumber   = "SLAC-PUB-2886, LBL-14099",
      SLACcitation   = "%%CITATION = PRLTA,48,1586;%%",
      pdgkey         = "BLOCKER.82B",
}

@article{Feldman:1981md,
      author         = "Feldman, G.J. and Trilling, G. and Abrams, G.S. and
                        Amidei, D. and Backer, A. and others",
      title          = "{MEASUREMENT OF THE tau LIFETIME}",
      journal        = "Phys. Rev. Lett.",
      volume         = "48",
      pages          = "66",
      doi            = "10.1103/PhysRevLett.48.66",
      year           = "1982",
      reportNumber   = "SLAC-PUB-2819, LBL-13412",
      SLACcitation   = "%%CITATION = PRLTA,48,66;%%",
      pdgkey         = "FELDMAN.82",
}
@article{Hayes:1981bn,
      author         = "Hayes, K.G. and Perl, Martin L. and Alam, M.S. and
                        Boyarski, A. and Breidenbach, Martin and others",
      title          = "{EXPERIMENTAL UPPER LIMITS ON BRANCHING FRACTIONS FOR
                        UNEXPECTED DECAY MODES OF THE TAU LEPTON}",
      journal        = "Phys. Rev.",
      volume         = "D25",
      pages          = "2869",
      doi            = "10.1103/PhysRevD.25.2869",
      year           = "1982",
      reportNumber   = "SLAC-PUB-2865, LBL-13835",
      SLACcitation   = "%%CITATION = PHRVA,D25,2869;%%",
      pdgkey         = "HAYES.82",
}

@article{Dorfan:1980mk,
      author         = "Dorfan, J. and Blocker, C.A. and Abrams, G.S. and Alam,
                        M.S. and Boyarski, A. and others",
      title          = "{MEASUREMENT OF THE BRANCHING FRACTION FOR THE CABIBBO
                        SUPPRESSED DECAY tau- --> K*- (892) tau-neutrino}",
      journal        = "Phys. Rev. Lett.",
      volume         = "46",
      pages          = "215",
      doi            = "10.1103/PhysRevLett.46.215",
      year           = "1981",
      reportNumber   = "SLAC-PUB-2566, LBL-11394",
      SLACcitation   = "%%CITATION = PRLTA,46,215;%%",
      pdgkey         = "DORFAN.81",
}

@article{Bacino:1979fz,
      author         = "Bacino, W. and Ferguson, T. and Nodulman, L. and Slater,
                        W. and Ticho, H.K. and others",
      title          = "{On the Nature of the tau Tau-neutrino W Coupling}",
      journal        = "Phys. Rev. Lett.",
      volume         = "42",
      pages          = "749",
      doi            = "10.1103/PhysRevLett.42.749",
      year           = "1979",
      reportNumber   = "SLAC-PUB-2249",
      SLACcitation   = "%%CITATION = PRLTA,42,749;%%",
      pdgkey         = "BACINO.79B",
}
@article{Bacino:1978gb,
      author         = "Bacino, W. and Ferguson, T. and Nodulman, L. and Slater,
                        W. and Ticho, H.K. and others",
      title          = "{Measurement of the Threshold Behavior of tau+ tau-
                        Production in e+ e- Annihilation}",
      journal        = "Phys. Rev. Lett.",
      volume         = "41",
      pages          = "13",
      doi            = "10.1103/PhysRevLett.41.13",
      year           = "1978",
      reportNumber   = "SLAC-PUB-2113",
      SLACcitation   = "%%CITATION = PRLTA,41,13;%%",
      pdgkey         = "BACINO.78B",
}

@article{Jaros:1978um,
      author         = "Jaros, J. and Abrams, G.S. and Alam, M.S. and
                        Barbaro-Galtieri, Angela and Boyarski, A. and others",
      title          = "{OBSERVATION OF mu 3 pi EVENTS IN e+ e- ANNIHILATION}",
      journal        = "Phys. Rev. Lett.",
      volume         = "40",
      pages          = "1120",
      doi            = "10.1103/PhysRevLett.40.1120",
      year           = "1978",
      note           = "Revised version",
      reportNumber   = "SLAC-PUB-2084-REV, LBL-7514, SLAC-PUB-2084",
      SLACcitation   = "%%CITATION = PRLTA,40,1120;%%",
      pdgkey         = "JAROS.78",
}
@article{Davier:2005xq,
      author         = "Davier, Michel and Hocker, Andreas and Zhang, Zhiqing",
      title          = "{The Physics of hadronic tau decays}",
      journal        = "Rev. Mod. Phys.",
      volume         = "78",
      pages          = "1043-1109",
      doi            = "10.1103/RevModPhys.78.1043",
      year           = "2006",
      eprint         = "hep-ph/0507078",
      archivePrefix  = "arXiv",
      primaryClass   = "hep-ph",
      reportNumber   = "LAL-05-37",
      SLACcitation   = "%%CITATION = HEP-PH/0507078;%%",
      pdgkey         = "DAVIER.06",
}
@article{RahalCallot:1998ki,
      author         = "Rahal-Callot, G.",
      title          = "{tau lepton physics}",
      journal        = "Int. J. Mod. Phys.",
      volume         = "A13",
      pages          = "695-739",
      doi            = "10.1142/S0217751X98000317",
      year           = "1998",
      SLACcitation   = "%%CITATION = IMPAE,A13,695;%%",
      pdgkey         = "RAHAL-CALLOT.98",
}
@article{Gentile:1995ue,
      author         = "Gentile, Simonetta and Pohl, Martin",
      title          = "{Physics of $\tau$ leptons}",
      journal        = "Phys. Rept.",
      volume         = "274",
      pages          = "287-376",
      doi            = "10.1016/0370-1573(96)00002-6",
      year           = "1996",
      reportNumber   = "CERN-PPE-95-147",
      SLACcitation   = "%%CITATION = PRPLC,274,287;%%",
      pdgkey         = "GENTILE.96",
}

@article{Perl:1991gd,
      author         = "Perl, Martin L.",
      title          = "{The Tau lepton}",
      journal        = "Rept.Prog.Phys.",
      volume         = "55",
      pages          = "653-722",
      doi            = "10.1088/0034-4885/55/6/001",
      year           = "1992",
      reportNumber   = "SLAC-PUB-5614",
      SLACcitation   = "%%CITATION = RPPHA,55,653;%%",
      pdgkey         = "PERL.92",
}
@article{Pich:1990gh,
      author         = "Pich, A.",
      title          = "{The tau lepton and its associated neutrino}",
      journal        = "Mod. Phys. Lett.",
      volume         = "A5",
      pages          = "1995-2006",
      doi            = "10.1142/S0217732390002274",
      year           = "1990",
      reportNumber   = "FTUV-90-24, IFIC-90-20",
      SLACcitation   = "%%CITATION = MPLAE,A5,1995;%%",
      pdgkey         = "PICH.90",
}
@article{Barish:1987nj,
      author         = "Barish, B.C. and Stroynowski, R.",
      title          = "{The Physics of the tau Lepton}",
      journal        = "Phys. Rept.",
      volume         = "157",
      pages          = "1",
      doi            = "10.1016/0370-1573(88)90103-2",
      year           = "1988",
      reportNumber   = "CALT-68-1425",
      SLACcitation   = "%%CITATION = PRPLC,157,1;%%",
      pdgkey         = "BARISH.88",
}
@article{Gan:1987zi,
      author         = "Gan, K.K. and Perl, Martin L.",
      title          = "{NEW LEPTONS: AN EXPERIMENTAL REVIEW}",
      journal        = "Int. J. Mod. Phys.",
      volume         = "A3",
      pages          = "531",
      doi            = "10.1142/S0217751X88000229",
      year           = "1988",
      reportNumber   = "SLAC-PUB-4331",
      SLACcitation   = "%%CITATION = IMPAE,A3,531;%%",
      pdgkey         = "GAN.88",
}
@article{Hayes:1988ut,
      author         = "Hayes, K.G. and Perl, Martin L.",
      title          = "{A STATISTICAL STUDY OF TAU DECAY DATA}",
      journal        = "Phys. Rev.",
      volume         = "D38",
      pages          = "3351",
      doi            = "10.1103/PhysRevD.38.3351",
      year           = "1988",
      reportNumber   = "SLAC-PUB-4471",
      SLACcitation   = "%%CITATION = PHRVA,D38,3351;%%",
      pdgkey         = "HAYES.88",
}

