@Unpublished{Combos:1999,
      title        = "{COMBOS: a program to COMbine results from 
                      B OScillations analyses}",
      year         = "1999",
      author       = "Olivier Schneider and Henry Seywerd",
      url          = "http://www.slac.stanford.edu/xorg/hfag/docs/combos.ps",
}
