%----section 1 (Alan, charm mixing) -------------------------------------

@article{Aaij:2014gsa,
      author         = "Aaij, Roel and others",
      title          = "{Measurement of $CP$ asymmetry in $D^0 \rightarrow K^-
                        K^+$ and $D^0 \rightarrow \pi^- \pi^+$ decays}",
      collaboration  = "LHCb",
      journal        = "JHEP",
      volume         = "1407",
      pages          = "041",
      doi            = "10.1007/JHEP07(2014)041",
      year           = "2014",
      eprint         = "1405.2797",
      archivePrefix  = "arXiv",
      primaryClass   = "hep-ex",
      reportNumber   = "CERN-PH-EP-2014-082, LHCB-PAPER-2014-013",
      SLACcitation   = "%%CITATION = ARXIV:1405.2797;%%",
}


@article{LHCb-CONF-2013-003,
      author         = "Aaij, R and others",
      title         = "{A search for time-integrated CP violation in
                       $D^0\rightarrow K^-K^+$   and  $D^0\rightarrow \pi^-\pi^+$
                       decays}",
      collaboration = "LHCb",
      month         = "Mar",
      year          = "2013",
      note          = "LHCb-CONF-2013-003",
      url = "http://cds.cern.ch/record/1521995"
}

@Unpublished{CDF:webpage,
     collab = "CDF collaboration",
     note = "Measurement of the difference between CP-violating 
             asymmetries in $D^0\ra K^+K^-$ and $D^0\ra\pi^+\pi^-$ 
             Decays at CDF",
     url = "http://www-cdf.fnal.gov/physics/new/bottom/120216.blessed-CPVcharm10fb/"
}


@article{Collaboration:2012qw,
      author         = "Aaltonen, T. and others",
      title          = "{Measurement of the difference of CP--violating
                        asymmetries in $D^0 \to K^+K^-$ and $D^0 \to \pi^+\pi^-$
                        decays at CDF}",
      collaboration  = "CDF",
      journal        = "Phys. Rev. Lett.",
      volume         = "109",
      pages          = "111801",
      doi            = "10.1103/PhysRevLett.109.111801",
      year           = "2012",
      eprint         = "1207.2158",
      archivePrefix  = "arXiv",
      primaryClass   = "hep-ex",
      reportNumber   = "FERMILAB-PUB-12-392-PPD",
      SLACcitation   = "%%CITATION = ARXIV:1207.2158;%%",
}

@article{Ko:2012jh,
      author         = "Ko, Byeong Rok",
      title          = "{CP violation and mixing in the charm sector at Belle,
                        and current HFAG averages}",
      collaboration  = "Belle",
      year           = "2012",
      eprint         = "1212.5320",
      archivePrefix  = "arXiv",
      primaryClass   = "hep-ex",
      SLACcitation   = "%%CITATION = ARXIV:1212.5320;%%",
}


@article{Aaij:2013wda,
      author         = "Aaij, R and others",
      title          = "{Measurement of D0-D0bar mixing parameters and search for
                        CP violation using D0->K+pi- decays}",
      collaboration  = "LHCb",
      journal        = "Phys. Rev. Lett.",
      volume         = "111",
      pages          = "251801",
      doi            = "10.1103/PhysRevLett.111.251801",
      year           = "2013",
      eprint         = "1309.6534",
      archivePrefix  = "arXiv",
      primaryClass   = "hep-ex",
      reportNumber   = "CERN-PH-EP-2013-176, LHCB-PAPER-2013-053",
      SLACcitation   = "%%CITATION = ARXIV:1309.6534;%%",
}

@article{Aaltonen:2013pja,
      author         = "Aaltonen, Timo Antero and others",
      title          = "{Observation of $D^0-\overline{D}^0$ Mixing Using the CDF
                        II Detector}",
      collaboration  = "CDF",
      journal        = "Phys. Rev. Lett.",
      volume         = "111",
      pages          = "231802",
      doi            = "10.1103/PhysRevLett.111.231802",
      year           = "2013",
      eprint         = "1309.4078",
      archivePrefix  = "arXiv",
      primaryClass   = "hep-ex",
      reportNumber   = "FERMILAB-PUB-13-379-E",
      SLACcitation   = "%%CITATION = ARXIV:1309.4078;%%",
}


@article{Ko:2014qvu,
      author         = "Ko, B.R. and others",
      title          = "{Observation of $D^0-\bar{D}^0$ Mixing in $e^+e^-$
                        Collisions}",
      collaboration  = "Belle",
      journal        = "Phys. Rev. Lett.",
      volume         = "112",
      pages          = "111801",
      doi            = "10.1103/PhysRevLett.112.111801",
      year           = "2014",
      eprint         = "1401.3402",
      archivePrefix  = "arXiv",
      primaryClass   = "hep-ex",
      SLACcitation   = "%%CITATION = ARXIV:1401.3402;%%",
}


@article{Asner:2012xb,
      author         = "Asner, D.M. and others",
      title          = "{Updated Measurement of the Strong Phase in $D^0 \to
                        K^+\pi^-$ Decay Using Quantum Correlations in $e^+e^- \to
                        D^0 \bar{D}^0$ at CLEO}",
      collaboration  = "CLEO",
      journal        = "Phys. Rev.",
      volume         = "D86",
      pages          = "112001",
      doi            = "10.1103/PhysRevD.86.112001",
      year           = "2012",
      eprint         = "1210.0939",
      archivePrefix  = "arXiv",
      primaryClass   = "hep-ex",
      reportNumber   = "CLNS-12-2083, CLEO-12-01",
      SLACcitation   = "%%CITATION = ARXIV:1210.0939;%%",
}


@article{Peng:2014oda,
      author         = "Peng, T. and others",
      title          = "{Measurement of ${D^{0}}$-${\overline{D}{}^{0}}$ Mixing
                        and Search for Indirect $CP$ Violation Using ${D^0\to
                        K_S^0\pi^+\pi^-}$ Decays}",
      collaboration  = "Belle",
      journal        = "Phys. Rev.",
      volume         = "D89",
      pages          = "091103",
      doi            = "10.1103/PhysRevD.89.091103",
      year           = "2014",
      eprint         = "1404.2412",
      archivePrefix  = "arXiv",
      primaryClass   = "hep-ex",
      SLACcitation   = "%%CITATION = ARXIV:1404.2412;%%",
}


@Article{Staric:2007dt,
     author    = "Staric, M. and others",
 collaboration = "Belle",
     title     = "{Evidence for $D^0$ - $\bar{D}^0$ Mixing}",
     journal   = "Phys. Rev. Lett.",
     volume    = "98",
     year      = "2007",
     pages     = "211803",
     eprint    = "hep-ex/0703036",
     archivePrefix = "arXiv",
     doi       = "10.1103/PhysRevLett.98.211803",
     SLACcitation  = "%%CITATION = HEP-EX/0703036;%%"
}

@Article{Aubert:2007wf,
     author    = "Aubert, Bernard and others",
 collaboration = "\babar",
     title     = "{Evidence for $D^0$ -anti-D0 Mixing}",
     journal   = "Phys. Rev. Lett.",
     volume    = "98",
     year      = "2007",
     pages     = "211802",
     eprint    = "hep-ex/0703020",
     archivePrefix = "arXiv",
     doi       = "10.1103/PhysRevLett.98.211802",
     SLACcitation  = "%%CITATION = HEP-EX/0703020;%%"
}

@Article{Aaltonen:2007uc,
     author    = "Aaltonen, T. and others",
 collaboration = "CDF",
     title     = "{Evidence for $D^0 - \bar{D}^0$ mixing using the CDF II
                  Detector}",
     journal   = "Phys. Rev. Lett.",
     volume    = "100",
     year      = "2008",
     pages     = "121802",
     eprint    = "0712.1567",
     archivePrefix = "arXiv",
     primaryClass  =  "hep-ex",
     doi       = "10.1103/PhysRevLett.100.121802",
     SLACcitation  = "%%CITATION = 0712.1567;%%"
}


@Article{MINUIT:webpage,
     author = "James, F.",
     note = "{MINUIT -- Function Minimization and Error Analysis, Reference Manual Version 94.1, CERN Program Library Long Writeup D506}",
     url = "http://wwwasdoc.web.cern.ch/wwwasdoc/minuit/minmain.html"
}

@Article{Bigi:2000wn,
     author    = "Bigi, Ikaros I. Y. and Uraltsev, Nikolai G.",
     title     = "{D0 anti-D0 oscillations as a probe of quark-hadron
                  duality}",
     journal   = "Nucl. Phys.",
     volume    = "B592",
     year      = "2001",
     pages     = "92-106",
     eprint    = "hep-ph/0005089",
     archivePrefix = "arXiv",
     doi       = "10.1016/S0550-3213(00)00604-0",
     SLACcitation  = "%%CITATION = HEP-PH/0005089;%%"
}

@Article{Petrov:2003un,
     author    = "Petrov, Alexey A.",
     title     = "{Charm physics: Theoretical review}",
     year      = "2003",
     eprint    = "hep-ph/0311371",
     archivePrefix = "arXiv",
     SLACcitation  = "%%CITATION = HEP-PH/0311371;%%"
}

@Article{Petrov:2004rf,
     author    = "Petrov, Alexey A.",
     title     = "{Mixing and CP-violation in charm}",
     journal   = "Nucl. Phys. Proc. Suppl.",
     volume    = "142",
     year      = "2005",
     pages     = "333-339",
     eprint    = "hep-ph/0409130",
     archivePrefix = "arXiv",
     doi       = "10.1016/j.nuclphysbps.2005.01.057",
     SLACcitation  = "%%CITATION = HEP-PH/0409130;%%"
}

@Article{Falk:2004wg,
     author    = "Falk, Adam F. and Grossman, Yuval and Ligeti, Zoltan and
                  Nir, Yosef and Petrov, Alexey A.",
     title     = "{The D0 - anti-D0 mass difference from a dispersion
                  relation}",
     journal   = "Phys. Rev.",
     volume    = "D69",
     year      = "2004",
     pages     = "114021",
     eprint    = "hep-ph/0402204",
     archivePrefix = "arXiv",
     doi       = "10.1103/PhysRevD.69.114021",
     SLACcitation  = "%%CITATION = HEP-PH/0402204;%%"
}


@Unpublished{HFAG_charm:webpage,
     collab = "Heavy Flavor Averaging Group",
     note = "Heavy Flavor Averaging Group: charm physics parameters",
     url = "http://www.slac.stanford.edu/xorg/hfag/charm/index.html"
}


@Article{Aitala:1996vz,
     author    = "Aitala, E. M. and others",
 collaboration = "E791",
     title     = "{Search for D0 - anti-D0 mixing in semileptonic decay
                  modes}",
     journal   = "Phys. Rev. Lett.",
     volume    = "77",
     year      = "1996",
     pages     = "2384-2387",
     eprint    = "hep-ex/9606016",
     archivePrefix = "arXiv",
     doi       = "10.1103/PhysRevLett.77.2384",
     SLACcitation  = "%%CITATION = HEP-EX/9606016;%%"
}

@Article{Cawlfield:2005ze,
     author    = "Cawlfield, C. and others",
 collaboration = "CLEO",
     title     = "{Limits on neutral D mixing in semileptonic decays}",
     journal   = "Phys. Rev.",
     volume    = "D71",
     year      = "2005",
     pages     = "077101",
     eprint    = "hep-ex/0502012",
     archivePrefix = "arXiv",
     doi       = "10.1103/PhysRevD.71.077101",
     SLACcitation  = "%%CITATION = HEP-EX/0502012;%%"
}

@Article{Aubert:2007aa,
     author    = "Aubert, Bernard and others",
 collaboration = "\babar",
     title     = "{Search for D0 - anti-D0 mixing using doubly flavor tagged
                  semileptonic decay modes}",
     journal   = "Phys. Rev.",
     volume    = "D76",
     year      = "2007",
     pages     = "014018",
     eprint    = "0705.0704",
     archivePrefix = "arXiv",
     primaryClass  =  "hep-ex",
     doi       = "10.1103/PhysRevD.76.014018",
     SLACcitation  = "%%CITATION = 0705.0704;%%"
}

@Article{Bitenc:2008bk,
     author    = "Bitenc, U. and others",
 collaboration = "Belle",
     title     = "{Improved search for D^0 mixing using semileptonic decays
                  at Belle}",
     journal   = "Phys. Rev.",
     volume    = "D77",
     year      = "2008",
     pages     = "112003",
     eprint    = "0802.2952",
     archivePrefix = "arXiv",
     primaryClass  =  "hep-ex",
     doi       = "10.1103/PhysRevD.77.112003",
     SLACcitation  = "%%CITATION = 0802.2952;%%"
}

@Article{Asner:2005sz,
     author    = "Asner, D. M. and others",
 collaboration = "CLEO",
     title     = "{Search for D^0 - barD^0 Mixing in the Dalitz Plot Analysis
                  of D^0 -->   K_S^0 pi^+ pi^-}",
     journal   = "Phys. Rev.",
     volume    = "D72",
     year      = "2005",
     pages     = "012001",
     eprint    = "hep-ex/0503045 (revised April 2007)",
     archivePrefix = "arXiv",
     doi       = "10.1103/PhysRevD.72.012001",
     SLACcitation  = "%%CITATION = HEP-EX/0503045;%%"
}


@Article{Zhang:2006dp,
     author    = "Zhang, L. M. and others",
 collaboration = "Belle",
     title     = "{Improved constraints on D0 - anti-D0 mixing in D0 --> K+
                  pi- decays at  Belle}",
     journal   = "Phys. Rev. Lett.",
     volume    = "96",
     year      = "2006",
     pages     = "151801",
     eprint    = "hep-ex/0601029",
     archivePrefix = "arXiv",
     doi       = "10.1103/PhysRevLett.96.151801",
     SLACcitation  = "%%CITATION = HEP-EX/0601029;%%"
}

@Article{Tian:2005ik,
     author    = "Tian, X. C. and others",
 collaboration = "Belle",
     title     = "{Measurement of the wrong-sign decays D0 --> K+ pi- (pi0,
                  pi+ pi-) and  search for CP violation}",
     journal   = "Phys. Rev. Lett.",
     volume    = "95",
     year      = "2005",
     pages     = "231801",
     eprint    = "hep-ex/0507071",
     archivePrefix = "arXiv",
     doi       = "10.1103/PhysRevLett.95.231801",
     SLACcitation  = "%%CITATION = HEP-EX/0507071;%%"
}

@Article{Aubert:2008zh,
     author    = "Aubert, Bernard and others",
 collaboration = "\babar",
     title     = "{Measurement of $D^0 - \bar{D}^0$ mixing from a time-
                  dependent amplitude analysis of $D^0 \to K^{+} \pi^{-}
                  \pi^0$ decays}",
     journal   = "Phys. Rev. Lett.",
     volume    = "103",
     year      = "2009",
     pages     = "211801",
     eprint    = "0807.4544",
     archivePrefix = "arXiv",
     primaryClass  =  "hep-ex",
     doi       = "10.1103/PhysRevLett.103.211801",
     SLACcitation  = "%%CITATION = 0807.4544;%%"
}

@Article{Zupanc:2009sy,
     author    = "Zupanc, A. and others",
 collaboration = "Belle",
     title     = "{Measurement of $y_{CP}$ in $D^0$ meson decays to the
                  $K_S^0K^+K^-$ final state}",
     journal   = "Phys. Rev.",
     volume    = "D80",
     year      = "2009",
     pages     = "052006",
     eprint    = "0905.4185",
     archivePrefix = "arXiv",
     primaryClass  =  "hep-ex",
     doi       = "10.1103/PhysRevD.80.052006",
     SLACcitation  = "%%CITATION = 0905.4185;%%"
}


@Article{Aitala:1999dt,
     author    = "Aitala, E. M. and others",
 collaboration = "E791",
     title     = "{Measurements of lifetimes and a limit on the lifetime
                  difference in the  neutral D meson system}",
     journal   = "Phys. Rev. Lett.",
     volume    = "83",
     year      = "1999",
     pages     = "32-36",
     eprint    = "hep-ex/9903012",
     archivePrefix = "arXiv",
     doi       = "10.1103/PhysRevLett.83.32",
     SLACcitation  = "%%CITATION = HEP-EX/9903012;%%"
}

@Article{Link:2000cu,
     author    = "Link, J. M. and others",
 collaboration = "FOCUS",
     title     = "{A measurement of lifetime differences in the neutral D
                  meson system}",
     journal   = "Phys. Lett.",
     volume    = "B485",
     year      = "2000",
     pages     = "62-70",
     eprint    = "hep-ex/0004034",
     archivePrefix = "arXiv",
     doi       = "10.1016/S0370-2693(00)00694-8",
     SLACcitation  = "%%CITATION = HEP-EX/0004034;%%"
}

@Article{Csorna:2001ww,
     author    = "Csorna, S. E. and others",
 collaboration = "CLEO",
     title     = "{Lifetime Differences, direct CP Violation and Partial
                  Widths in D0 Meson Decays to K+K- and pi+pi-}",
     journal   = "Phys. Rev.",
     volume    = "D65",
     year      = "2002",
     pages     = "092001",
     eprint    = "hep-ex/0111024",
     archivePrefix = "arXiv",
     doi       = "10.1103/PhysRevD.65.092001",
     SLACcitation  = "%%CITATION = HEP-EX/0111024;%%"
}

@Article{Aubert:2007en,
     author    = "Aubert, Bernard and others",
 collaboration = "\babar",
     title     = "{Measurement of $D^0$ - $\bar{D}^0$ mixing using the ratio
                  of lifetimes for the decays $D^0 \to K^{-} \pi^{+}$, $K^{-}
                  K^{+}$, and $\pi^{-} \pi^{+}$}",
     journal   = "Phys. Rev.",
     volume    = "D78",
     year      = "2008",
     pages     = "011105",
     eprint    = "0712.2249",
     archivePrefix = "arXiv",
     primaryClass  =  "hep-ex",
     doi       = "10.1103/PhysRevD.78.011105",
     SLACcitation  = "%%CITATION = 0712.2249;%%"
}

@article{delAmoSanchez:2010xz,
      author         = "del Amo Sanchez, P. and others",
      title          = "{Measurement of $D^0$--$\bar{D}^0$ mixing parameters using $D^0 \to K_S^0 \pi^+ \pi^-$ and $D^0 \to K_S^0 K^+ K^-$ decays}",
      collaboration  = "\babar",
      journal        = "Phys. Rev. Lett.",
      volume         = "105",
      pages          = "081803",
      doi            = "10.1103/PhysRevLett.105.081803",
      year           = "2010",
      eprint         = "1004.5053",
      archivePrefix  = "arXiv",
      primaryClass   = "hep-ex",
      reportNumber   = "BABAR-PUB-10-004, SLAC-PUB-14087",
      SLACcitation   = "%%CITATION = ARXIV:1004.5053;%%",
}

@article{Aaij:2011ad,
      author         = "Aaij, R. and others",
      title          = "{Measurement of mixing and CP violation parameters in
                        two-body charm decays}",
      collaboration  = "LHCb",
      year           = "2011",
      eprint         = "1112.4698",
      archivePrefix  = "arXiv",
      primaryClass   = "hep-ex",
      reportNumber   = "LHCB-PAPER-2011-032, CERN-PH-EP-2011-206",
      SLACcitation   = "%%CITATION = ARXIV:1112.4698;%%",
}

@article{Aubert:2007if,
      author         = "Aubert, Bernard and others",
      title          = "{Search for CP violation in the decays $D^0 \to K^{-}
                        K^{+}$ and $D^0 \to \pi^{-} \pi^{+}$}",
      collaboration  = "\babar",
      journal        = "Phys. Rev. Lett.",
      volume         = "100",
      pages          = "061803",
      doi            = "10.1103/PhysRevLett.100.061803",
      year           = "2008",
      eprint         = "0709.2715",
      archivePrefix  = "arXiv",
      primaryClass   = "hep-ex",
      reportNumber   = "SLAC-PUB-12756, BABAR-PUB-07-058",
      SLACcitation   = "%%CITATION = ARXIV:0709.2715;%%",
}

@Article{Staric:2008rx,
     author    = "Staric, M. and others",
 collaboration = "Belle",
     title     = "{Measurement of CP asymmetry in Cabibbo suppressed 
                   $D^0$ decays}",
     journal   = "Phys. Lett.",
     volume    = "B670",
     year      = "2008",
     pages     = "190-195",
     eprint    = "0807.0148",
     archivePrefix = "arXiv",
     primaryClass  =  "hep-ex",
     doi       = "10.1016/j.physletb.2008.10.052",
     SLACcitation  = "%%CITATION = 0807.0148;%%"
}

@article{Aaij:2011in,
      author         = "Aaij, R. and others",
      title          = "{Evidence for CP violation in time-integrated 
                         $D^0\to h^- h^+$ decay rates}",
      collaboration  = "LHCb",
      journal        = "Phys. Rev. Lett.",
      volume         = "108",
      pages          = "111602",
      doi            = "10.1103/PhysRevLett.108.111602",
      year           = "2012",
      eprint         = "1112.0938",
      archivePrefix  = "arXiv",
      primaryClass   = "hep-ex",
      reportNumber   = "LHCB-PAPER-2011-023, CERN-PH-EP-2011-208",
      SLACcitation   = "%%CITATION = ARXIV:1112.0938;%%",
}


@article{Aaltonen:2011se,
      author         = "Aaltonen, T. and others",
      title          = "{Measurement of CP--violating asymmetries in
                        $D^0\to\pi^+\pi^-$ and $D^0\to K^+K^-$ decays at CDF}",
      collaboration  = "CDF",
      journal        = "Phys. Rev.",
      volume         = "D85",
      pages          = "012009",
      year           = "2012",
      eprint         = "1111.5023",
      archivePrefix  = "arXiv",
      primaryClass   = "hep-ex",
      reportNumber   = "FERMILAB-PUB-11-624-PPD",
      SLACcitation   = "%%CITATION = ARXIV:1111.5023;%%",
}


@Unpublished{cdf_public_note_10784,
      title         = "{Improved Measurement of the Difference between 
                         Time-Integrated CP Asymmetries in $D^0\to K^+K^-$ 
                         and $D^0\to\pi^+\pi^-$ Decays at CDF}",
      collaboration = "CDF",
      note          = "CDF note 10784, 28 February 2012",
      smallurl      = "{http://www-cdf.fnal.gov/physics/new/bottom/120216.blessed-CPVcharm10fb/}",
}


@article{Ciuchini:2007cw,
      author         = "Ciuchini, M. and Franco, E. and Guadagnoli, D. and
                        Lubicz, V. and Pierini, M. and others",
      title          = "{$D$ - $\bar{D}$ mixing and new physics: General
                        considerations and constraints on the MSSM}",
      journal        = "Phys. Lett.",
      volume         = "B655",
      pages          = "162-166",
      doi            = "10.1016/j.physletb.2007.08.055",
      year           = "2007",
      eprint         = "hep-ph/0703204",
      archivePrefix  = "arXiv",
      primaryClass   = "hep-ph",
      SLACcitation   = "%%CITATION = HEP-PH/0703204;%%",
}

@article{Kagan:2009gb,
      author         = "Kagan, Alexander L. and Sokoloff, Michael D.",
      title          = "{On Indirect CP Violation and Implications for D0 -
                        anti-D0 and B(s) - anti-B(s) mixing}",
      journal        = "Phys. Rev.",
      volume         = "D80",
      pages          = "076008",
      doi            = "10.1103/PhysRevD.80.076008",
      year           = "2009",
      eprint         = "0907.3917",
      archivePrefix  = "arXiv",
      primaryClass   = "hep-ph",
      SLACcitation   = "%%CITATION = ARXIV:0907.3917;%%",
}


@article{Grossman:2009mn,
      author         = "Grossman, Yuval and Nir, Yosef and Perez, Gilad",
      title          = "{Testing New Indirect CP Violation}",
      journal        = "Phys. Rev. Lett.",
      volume         = "103",
      pages          = "071602",
      doi            = "10.1103/PhysRevLett.103.071602",
      year           = "2009",
      eprint         = "0904.0305",
      archivePrefix  = "arXiv",
      primaryClass   = "hep-ph",
      SLACcitation   = "%%CITATION = ARXIV:0904.0305;%%",
}

%----section 2 (Marko Petric)-------------------------------------

%%% moved Aubert:2009wg to common refs in Summer14.bib

%%% moved Abe:2003zm to common refs in Summer14.bib

@article{Kuzmin:2006mw,
      author         = "Kuzmin, A. and others",
      title          = "{Study of $\overline{B}{}^{0} \to D^{0} \pi^{+} \pi^{-}$ decays}",
      collaboration  = "Belle",
      journal        = "Phys. Rev.",
      volume         = "D76",
      pages          = "012006",
      doi            = "10.1103/PhysRevD.76.012006",
      year           = "2007",
      eprint         = "hep-ex/0611054",
      archivePrefix  = "arXiv",
      primaryClass   = "hep-ex",
      reportNumber   = "BELLE-2006-38, KEK-2006-55",
      SLACcitation   = "%%CITATION = HEP-EX/0611054;%%",
}


@article{Abramowicz:2012ys,
      author         = "Abramowicz, H. and others",
      title          = "{Production of the excited charm mesons $D_1$ and $D^*_2$
                        at HERA}",
      collaboration  = "ZEUS",
      journal        = "Nucl. Phys.",
      volume         = "B866",
      pages          = "229-254",
      doi            = "10.1016/j.nuclphysb.2012.09.007",
      year           = "2013",
      eprint         = "1208.4468",
      archivePrefix  = "arXiv",
      primaryClass   = "hep-ex",
      reportNumber   = "DESY-12-144",
      SLACcitation   = "%%CITATION = ARXIV:1208.4468;%%",
}


@article{delAmoSanchez:2010vq,
      author         = "del Amo Sanchez, P. and others",
      title          = "{Observation of new resonances decaying to $D\pi$ and
                        $D^*\pi$ in inclusive $e^+e^-$ collisions near
                        $\sqrt{s}=$10.58 GeV}",
      collaboration  = "\babar",
      journal        = "Phys. Rev.",
      volume         = "D82",
      pages          = "111101",
      doi            = "10.1103/PhysRevD.82.111101",
      year           = "2010",
      eprint         = "1009.2076",
      archivePrefix  = "arXiv",
      primaryClass   = "hep-ex",
      reportNumber   = "BABAR-PUB-10-020, SLAC-PUB-14246",
      SLACcitation   = "%%CITATION = ARXIV:1009.2076;%%",
}

%%% moved Abe:2004sm to common refs in Summer14.bib

@article{Avery:1994yc,
      author         = "Avery, P. and others",
      title          = "{Production and decay of $D_{1}^{0}(2420)$ and $D_{2}^{*0} (2460)$}",
      collaboration  = "CLEO",
      journal        = "Phys. Lett.",
      volume         = "B331",
      pages          = "236-244",
      doi            = "10.1016/0370-2693(94)90968-7",
      year           = "1994",
      eprint         = "hep-ph/9403359",
      archivePrefix  = "arXiv",
      primaryClass   = "hep-ph",
      reportNumber   = "CLNS-94-1280, CLEO-94-10, CLNS94-1280",
      SLACcitation   = "%%CITATION = HEP-PH/9403359;%%",
}

@article{Frabetti:1993vv,
      author         = "Frabetti, P. L. and others",
      title          = "{Measurement of the masses and widths of $L = 1$ charm
                        mesons}",
      collaboration  = "E687",
      journal        = "Phys. Rev. Lett.",
      volume         = "72",
      pages          = "324-327",
      doi            = "10.1103/PhysRevLett.72.324",
      year           = "1994",
      reportNumber   = "FERMILAB-PUB-93-249-E",
      SLACcitation   = "%%CITATION = PRLTA,72,324;%%",
}

@article{Albrecht:1989pa,
      author         = "Albrecht, H. and others",
      title          = "{Resonance Decomposition of the $D^*$0 (2420) Through a
                        Decay Angular Analysis}",
      collaboration  = "ARGUS",
      journal        = "Phys. Lett.",
      volume         = "B232",
      pages          = "398",
      doi            = "10.1016/0370-2693(89)90764-8",
      year           = "1989",
      reportNumber   = "DESY-89-103",
      SLACcitation   = "%%CITATION = PHLTA,B232,398;%%",
}

@article{Abulencia:2005ry,
      author         = "Abulencia, A. and others",
      title          = "{Measurement of mass and width of the excited charmed
                        meson states $D^{0}_{1}$ and $D^{*0}_{2}$ at CDF}",
      collaboration  = "CDF",
      journal        = "Phys. Rev.",
      volume         = "D73",
      pages          = "051104",
      doi            = "10.1103/PhysRevD.73.051104",
      year           = "2006",
      eprint         = "hep-ex/0512069",
      archivePrefix  = "arXiv",
      primaryClass   = "hep-ex",
      reportNumber   = "FERMILAB-PUB-05-552-E",
      SLACcitation   = "%%CITATION = HEP-EX/0512069;%%",
}

@article{Bergfeld:1994af,
      author         = "Bergfeld, T. and others",
      title          = "{Observation of $D_{1}^{+} (2420)$ and $D_{2}^{*+} (2460)$}",
      collaboration  = "CLEO",
      journal        = "Phys. Lett.",
      volume         = "B340",
      pages          = "194-204",
      doi            = "10.1016/0370-2693(94)01348-9",
      year           = "1994",
      reportNumber   = "CLNS-94-1298, CLEO-94-21",
      SLACcitation   = "%%CITATION = PHLTA,B340,194;%%",
}

@article{Anjos:1988uf,
      author         = "Anjos, J. C. and others",
      title          = "{Observation of Excited Charmed Mesons}",
      collaboration  = "Tagged Photon Spectrometer",
      journal        = "Phys. Rev. Lett.",
      volume         = "62",
      pages          = "1717",
      doi            = "10.1103/PhysRevLett.62.1717",
      year           = "1989",
      reportNumber   = "FERMILAB-PUB-88-155-E",
      SLACcitation   = "%%CITATION = PRLTA,62,1717;%%",
}

@article{Albrecht:1988dj,
      author         = "Albrecht, H. and others",
      title          = "{Observation of the $D^{*0} (2459)$ in $e^{+} e^{-}$ Annihilation}",
      collaboration  = "ARGUS",
      journal        = "Phys. Lett.",
      volume         = "B221",
      pages          = "422",
      doi            = "10.1016/0370-2693(89)91737-1",
      year           = "1989",
      reportNumber   = "DESY-88-179",
      SLACcitation   = "%%CITATION = PHLTA,B221,422;%%",
}

@article{Albrecht:1988xx,
      author         = "Albrecht, H. and others",
      title          = "{Observation of the charged isospin partner of the $D^{*}(2459)^{0}$}",
      collaboration  = "ARGUS",
      journal        = "Phys. Lett.",
      volume         = "B231",
      pages          = "208",
      doi            = "10.1016/0370-2693(89)90141-X",
      year           = "1989",
}


@article{Abreu:1998vk,
      author         = "Abreu, P. and others",
      title          = "{First evidence for a charm radial excitation, $D^{*}$'}",
      collaboration  = "DELPHI",
      journal        = "Phys. Lett.",
      volume         = "B426",
      pages          = "231-242",
      doi            = "10.1016/S0370-2693(98)00346-3",
      year           = "1998",
      reportNumber   = "CERN-EP-98-030, CERN-EP-98-30",
      SLACcitation   = "%%CITATION = PHLTA,B426,231;%%",
}


@article{Aaij:2013sza,
      author         = "Aaij, R and others",
      title          = "{Study of $D_J$ meson decays to $D^+\pi^-$, $D^0 \pi^+$
                        and $D^{*+}\pi^-$ final states in pp collision}",
      collaboration  = "LHCb",
      journal        = "JHEP",
      volume         = "1309",
      pages          = "145",
      doi            = "10.1007/JHEP09(2013)145",
      year           = "2013",
      eprint         = "1307.4556",
      archivePrefix  = "arXiv",
      reportNumber   = "CERN-PH-EP-2013-122, LHCB-PAPER-2013-026",
      SLACcitation   = "%%CITATION = ARXIV:1307.4556;%%",
}

@article{Aubert:2006bk,
      author         = "Aubert, B. and others",
      title          = "{A Study of the $D^{*}_{sJ}(2317)$ and $D_{sJ}(2460)$ Mesons in
                        Inclusive $c\overline c$ Production Near $\sqrt{s}$=10.6 GeV}",
      collaboration  = "\babar",
      journal        = "Phys. Rev.",
      volume         = "D74",
      pages          = "032007",
      doi            = "10.1103/PhysRevD.74.032007",
      year           = "2006",
      eprint         = "hep-ex/0604030",
      archivePrefix  = "arXiv",
      primaryClass   = "hep-ex",
      reportNumber   = "SLAC-PUB-11816, BABAR-CONF-025-07",
      SLACcitation   = "%%CITATION = HEP-EX/0604030;%%",
}

@article{Aubert:2003pe,
      author         = "Aubert, B. and others",
      title          = "{Observation of a narrow meson decaying to $D_s^+ \pi^0
                        \gamma$ at a mass of 2.458 GeV/c$^2$}",
      collaboration  = "\babar",
      journal        = "Phys. Rev.",
      volume         = "D69",
      pages          = "031101",
      doi            = "10.1103/PhysRevD.69.031101",
      year           = "2004",
      eprint         = "hep-ex/0310050",
      archivePrefix  = "arXiv",
      primaryClass   = "hep-ex",
      reportNumber   = "SLAC-PUB-10215, BABAR-PUB-03-030",
      SLACcitation   = "%%CITATION = HEP-EX/0310050;%%",
}

@article{Abazov:2007wg,
      author         = "Abazov, V. M. and others",
      title          = "{Measurement of the $B^0_{s}$ semileptonic branching
                        ratio to an orbitally excited $D_s$ state, Br($B^0_s\to
                        D^-_{s1}(2536) \mu^{+} \nu X$)}",
      collaboration  = "\dzero",
      journal        = "Phys. Rev. Lett.",
      volume         = "102",
      pages          = "051801",
      doi            = "10.1103/PhysRevLett.102.051801",
      year           = "2009",
      eprint         = "0712.3789",
      archivePrefix  = "arXiv",
      primaryClass   = "hep-ex",
      reportNumber   = "FERMILAB-PUB-07-659-E",
      SLACcitation   = "%%CITATION = ARXIV:0712.3789;%%",
}

%%% moved Aubert:2007rva to common refs in Summer14.bib

@article{Heister:2001nj,
      author         = "Heister, A. and others",
      title          = "{Production of $D^{**}_{s}$ mesons in hadronic $Z$ decays}",
      collaboration  = "ALEPH",
      journal        = "Phys. Lett.",
      volume         = "B526",
      pages          = "34-49",
      doi            = "10.1016/S0370-2693(01)01465-4",
      year           = "2002",
      eprint         = "hep-ex/0112010",
      archivePrefix  = "arXiv",
      primaryClass   = "hep-ex",
      reportNumber   = "CERN-EP-2001-085",
      SLACcitation   = "%%CITATION = HEP-EX/0112010;%%",
}

@article{Asratian:1993zx,
      author         = "Asratian, A. E. and others",
      title          = "{Observation of $D^{**}_{s}$(2536) meson production by
                        neutrinos in BEBC}",
      collaboration  = "Big Bubble Chamber Neutrino",
      journal        = "Z. Phys.",
      volume         = "C61",
      pages          = "563-566",
      doi            = "10.1007/BF01552622",
      year           = "1994",
      reportNumber   = "CERN-PPE-93-190",
      SLACcitation   = "%%CITATION = ZEPYA,C61,563;%%",
}

@article{Alexander:1993nq,
      author         = "Alexander, J. P. and others",
      title          = "{Production and decay of the $D_{s1}^{+}(2536)$}",
      collaboration  = "CLEO",
      journal        = "Phys. Lett.",
      volume         = "B303",
      pages          = "377-384",
      doi            = "10.1016/0370-2693(93)91448-V",
      year           = "1993",
      reportNumber   = "CLNS-93-1191, CLEO-93-1",
      SLACcitation   = "%%CITATION = PHLTA,B303,377;%%",
}

@article{Albrecht:1992zh,
      author         = "Albrecht, H. and others",
      title          = "{Observation of the decay $D_{s1}^{+}(2536) \to D^{*}{}^{0} K^{+}$}",
      collaboration  = "ARGUS",
      journal        = "Phys. Lett.",
      volume         = "B297",
      pages          = "425-431",
      doi            = "10.1016/0370-2693(92)91282-E",
      year           = "1992",
      reportNumber   = "DESY-92-124",
      SLACcitation   = "%%CITATION = PHLTA,B297,425;%%",
}

@article{Avery:1989ui,
      author         = "Avery, P. and others",
      title          = "{$P$ Wave Charmed Mesons in $e^+ e^-$ Annihilation}",
      collaboration  = "CLEO",
      journal        = "Phys. Rev.",
      volume         = "D41",
      pages          = "774",
      doi            = "10.1103/PhysRevD.41.774",
      year           = "1990",
      reportNumber   = "CLNS-89/939, CLEO-89-11",
      SLACcitation   = "%%CITATION = PHRVA,D41,774;%%",
}

@article{Albrecht:1989yi,
      author         = "Albrecht, H. and others",
      title          = "{Observation of a New Charmed - Strange Meson}",
      collaboration  = "ARGUS",
      journal        = "Phys. Lett.",
      volume         = "B230",
      pages          = "162",
      doi            = "10.1016/0370-2693(89)91672-9",
      year           = "1989",
      reportNumber   = "DESY-89-119",
      SLACcitation   = "%%CITATION = PHLTA,B230,162;%%",
}

@article{Lees:2011um,
      author         = "Lees, J.~P. and others",
      title          = "{Measurement of the mass and width of the $D_{s1}(2536)^+$
                        meson}",
      collaboration  = "\babar",
      journal        = "Phys. Rev.",
      volume         = "D83",
      pages          = "072003",
      doi            = "10.1103/PhysRevD.83.072003",
      year           = "2011",
      eprint         = "1103.2675",
      archivePrefix  = "arXiv",
      primaryClass   = "hep-ex",
      reportNumber   = "BABAR-PUB-10-031, SLAC-PUB-14400",
      SLACcitation   = "%%CITATION = ARXIV:1103.2675;%%",
}

@article{Aaij:2011ju,
      author         = "Aaij, R. and others",
      title          = "{First observation of $\bar{B}^0_s \to D_{s2}^{*+} X
                        \mu^-\bar{\nu}$ decays}",
      collaboration  = "LHCb",
      journal        = "Phys. Lett.",
      volume         = "B698",
      pages          = "14-20",
      doi            = "10.1016/j.physletb.2011.02.039",
      year           = "2011",
      eprint         = "1102.0348",
      archivePrefix  = "arXiv",
      primaryClass   = "hep-ex",
      reportNumber   = "CERN-PH-EP-2011-008, LHCb-PAPER-2011-001",
      SLACcitation   = "%%CITATION = ARXIV:1102.0348;%%",
}

@article{Aubert:2006mh,
      author         = "Aubert, B. and others",
      title          = "{Observation of a New $D_{s}$ Meson Decaying to $DK$ at a Mass
                        of 2.86 GeV/c$^2$}",
      collaboration  = "\babar",
      journal        = "Phys. Rev. Lett.",
      volume         = "97",
      pages          = "222001",
      doi            = "10.1103/PhysRevLett.97.222001",
      year           = "2006",
      eprint         = "hep-ex/0607082",
      archivePrefix  = "arXiv",
      primaryClass   = "hep-ex",
      reportNumber   = "SLAC-PUB-11993, BABAR-PUB-06-044",
      SLACcitation   = "%%CITATION = HEP-EX/0607082;%%",
}

@article{Albrecht:1995qx,
      author         = "Albrecht, H. and others",
      title          = "{Measurement of the decay $D_{s2}^{*+} \to D^0 K^+$}",
      collaboration  = "ARGUS",
      journal        = "Z. Phys.",
      volume         = "C69",
      pages          = "405-408",
      doi            = "10.1007/s002880050040",
      year           = "1996",
      reportNumber   = "DESY-95-129",
      SLACcitation   = "%%CITATION = ZEPYA,C69,405;%%",
}

@article{Kubota:1994gn,
      author         = "Kubota, Y. and others",
      title          = "{Observation of a new charmed strange meson}",
      collaboration  = "CLEO",
      journal        = "Phys. Rev. Lett.",
      volume         = "72",
      pages          = "1972-1976",
      doi            = "10.1103/PhysRevLett.72.1972",
      year           = "1994",
      eprint         = "hep-ph/9403325",
      archivePrefix  = "arXiv",
      primaryClass   = "hep-ph",
      reportNumber   = "CLNS-94-1266, CLEO-94-1, CLNS94-1266",
      SLACcitation   = "%%CITATION = HEP-PH/9403325;%%",
}

@article{Aaij:2012pc,
      author         = "Aaij, R and others",
      title          = "{Study of $D_{sJ}$ decays to $D^+K^0_S$ and $D^0K^+$
                        final states in $pp$ collisions}",
      collaboration  = "LHCb",
      journal        = "JHEP",
      volume         = "1210",
      pages          = "151",
      doi            = "10.1007/JHEP10(2012)151",
      year           = "2012",
      eprint         = "1207.6016",
      archivePrefix  = "arXiv",
      primaryClass   = "hep-ex",
      reportNumber   = "CERN-PH-EP-2012-181, LHCB-PAPER-2012-016",
      SLACcitation   = "%%CITATION = ARXIV:1207.6016;%%",
}

%%% moved Brodzicka:2007aa to common refs in Summer14.bib

@article{Aubert:2009ah,
      author         = "Aubert, B. and others",
      title          = "{Study of $D_{sJ}$ decays to $D^*K$ in inclusive $e^+ e^-$
                        interactions}",
      collaboration  = "\babar",
      journal        = "Phys. Rev.",
      volume         = "D80",
      pages          = "092003",
      doi            = "10.1103/PhysRevD.80.092003",
      year           = "2009",
      eprint         = "0908.0806",
      archivePrefix  = "arXiv",
      primaryClass   = "hep-ex",
      reportNumber   = "SLAC-PUB-13747, BABAR-PUB-09-024",
      SLACcitation   = "%%CITATION = ARXIV:0908.0806;%%",
}

@article{Aubert:2008zc,
      author         = "Aubert, B. and others",
      title          = "{Measurement of Semileptonic B Decays into
                        Orbitally-Excited Charmed Mesons}",
      collaboration  = "\babar",
      journal        = "Phys. Rev. Lett.",
      volume         = "103",
      pages          = "051803",
      doi            = "10.1103/PhysRevLett.103.051803",
      year           = "2009",
      eprint         = "0808.0333",
      archivePrefix  = "arXiv",
      primaryClass   = "hep-ex",
      reportNumber   = "BABAR-PUB-08-043, SLAC-PUB-13348",
      SLACcitation   = "%%CITATION = ARXIV:0808.0333;%%",
}

%%% moved Aubert:2004pw to common refs in Summer14.bib

%%% moved Abe:2004wz to common refs in Summer14.bib

%%% moved Aubert:2006nm to common refs in Summer14.bib

@article{Chekanov:2008ac,
      author         = "Chekanov, S. and others",
      title          = "{Production of excited charm and charm-strange mesons at
                        HERA}",
      collaboration  = "ZEUS",
      journal        = "Eur. Phys. J.",
      volume         = "C60",
      pages          = "25-45",
      doi            = "10.1140/epjc/s10052-009-0881-x",
      year           = "2009",
      eprint         = "0807.1290",
      archivePrefix  = "arXiv",
      primaryClass   = "hep-ex",
      reportNumber   = "DESY-08-093, ZEUS-PUB-08-006",
      SLACcitation   = "%%CITATION = ARXIV:0807.1290;%%",
}

@article{Link:2003bd,
      author         = "Link, J. M. and others",
      title          = "{Measurement of masses and widths of excited charm mesons
                        $D_{2}^*$ and evidence for broad states}",
      collaboration  = "FOCUS",
      journal        = "Phys. Lett.",
      volume         = "B586",
      pages          = "11-20",
      doi            = "10.1016/j.physletb.2004.02.017",
      year           = "2004",
      eprint         = "hep-ex/0312060",
      archivePrefix  = "arXiv",
      primaryClass   = "hep-ex",
      reportNumber   = "FERMILAB-PUB-03-411-E",
      SLACcitation   = "%%CITATION = HEP-EX/0312060;%%",
}



@article{Albrecht:1989gb,
      author         = "Albrecht, H. and others",
      title          = "{Observation of the Charged Isospin Partner of the $D^*$0
                        (2459)}",
      collaboration  = "ARGUS",
      journal        = "Phys. Lett.",
      volume         = "B231",
      pages          = "208",
      doi            = "10.1016/0370-2693(89)90141-X",
      year           = "1989",
      reportNumber   = "DESY-89-085",
      SLACcitation   = "%%CITATION = PHLTA,B231,208;%%",
}

@article{Abe:2003jk,
      author         = "Abe, K. and others",
      title          = "{Measurements of the $D_{sJ}$ resonance properties}",
      collaboration  = "Belle",
      journal        = "Phys. Rev. Lett.",
      volume         = "92",
      pages          = "012002",
      doi            = "10.1103/PhysRevLett.92.012002",
      year           = "2004",
      eprint         = "hep-ex/0307052",
      archivePrefix  = "arXiv",
      primaryClass   = "hep-ex",
      reportNumber   = "BELLE-CONF-0340",
      SLACcitation   = "%%CITATION = HEP-EX/0307052;%%",
}

@article{Besson:2003cp,
      author         = "Besson, D. and others",
      title          = "{Observation of a narrow resonance of mass 2.46-GeV/c$^2$
                        decaying to $D^{*+}_{s}$ pi0 and confirmation of the
                        $D^*_{sJ}(2317)$ state}",
      collaboration  = "CLEO",
      journal        = "Phys. Rev.",
      volume         = "D68",
      pages          = "032002",
      doi            = "10.1103/PhysRevD.68.032002, 10.1103/PhysRevD.75.119908",
      year           = "2003",
      eprint         = "hep-ex/0305100",
      archivePrefix  = "arXiv",
      primaryClass   = "hep-ex",
      reportNumber   = "CLNS-03-1826, CLEO-03-09",
      SLACcitation   = "%%CITATION = HEP-EX/0305100;%%",
}

@article{Krokovny:2003zq,
      author         = "Krokovny, P. and others",
      title          = "{Observation of the $D_{sJ}(2317)$ and $D_{sJ}(2457)$ in $B$
                        decays}",
      collaboration  = "Belle",
      journal        = "Phys. Rev. Lett.",
      volume         = "91",
      pages          = "262002",
      doi            = "10.1103/PhysRevLett.91.262002",
      year           = "2003",
      eprint         = "hep-ex/0308019",
      archivePrefix  = "arXiv",
      primaryClass   = "hep-ex",
      SLACcitation   = "%%CITATION = HEP-EX/0308019;%%",
}


@article{Aaij:2014baa,
      author         = "Aaij, R. and others",
      title          = "{Dalitz plot analysis of $B_s^0 \rightarrow
                        \overline{D}^0 K^- \pi^+$ decays}",
      collaboration  = "LHCb",
      year           = "2014",
      eprint         = "1407.7712",
      archivePrefix  = "arXiv",
      primaryClass   = "hep-ex",
      reportNumber   = "LHCB-PAPER-2014-036, CERN-PH-EP-2014-184",
      SLACcitation   = "%%CITATION = ARXIV:1407.7712;%%",
}

@article{Aaij:2014xza,
      author         = "Aaij, R. and others",
      title          = "{Observation of overlapping spin-1 and spin-3
                        $\overline{D}^0 K^-$ resonances at mass $2.86 {\rm
                        GeV}/c^2$}",
      collaboration  = "LHCb",
      year           = "2014",
      eprint         = "1407.7574",
      archivePrefix  = "arXiv",
      primaryClass   = "hep-ex",
      reportNumber   = "LHCB-PAPER-2014-035, CERN-PH-EP-2014-183",
      SLACcitation   = "%%CITATION = ARXIV:1407.7574;%%",
}








@article{Colangelo:2004vu,
      author         = "Colangelo, P. and De Fazio, F. and Ferrandes, R.",
      title          = "{Excited charmed mesons: Observations, analyses and
                        puzzles}",
      journal        = "Mod. Phys. Lett.",
      volume         = "A19",
      pages          = "2083-2102",
      doi            = "10.1142/S0217732304015269",
      year           = "2004",
      eprint         = "hep-ph/0407137",
      archivePrefix  = "arXiv",
      primaryClass   = "hep-ph",
      reportNumber   = "BARI-TH-04-486",
      SLACcitation   = "%%CITATION = HEP-PH/0407137;%%",
}



@article{Barnes:2003dj,
      author         = "Barnes, T. and Close, F. E. and Lipkin, H. J.",
      title          = "{Implications of a DK molecule at 2.32-GeV}",
      journal        = "Phys. Rev.",
      volume         = "D68",
      pages          = "054006",
      doi            = "10.1103/PhysRevD.68.054006",
      year           = "2003",
      eprint         = "hep-ph/0305025",
      archivePrefix  = "arXiv",
      primaryClass   = "hep-ph",
      SLACcitation   = "%%CITATION = HEP-PH/0305025;%%",
}

@article{Lipkin:2003zk,
      author         = "Lipkin, H.J.",
      title          = "{New predictions for multiquark hadron masses}",
      journal        = "Phys. Lett.",
      volume         = "B580",
      pages          = "50-53",
      doi            = "10.1016/j.physletb.2003.10.117",
      year           = "2004",
      eprint         = "hep-ph/0306204",
      archivePrefix  = "arXiv",
      primaryClass   = "hep-ph",
      SLACcitation   = "%%CITATION = HEP-PH/0306204;%%",
}

@article{Bardeen:2003kt,
      author         = "Bardeen, William A. and Eichten, Estia J. and Hill,
                        Christopher T.",
      title          = "{Chiral multiplets of heavy - light mesons}",
      journal        = "Phys. Rev.",
      volume         = "D68",
      pages          = "054024",
      doi            = "10.1103/PhysRevD.68.054024",
      year           = "2003",
      eprint         = "hep-ph/0305049",
      archivePrefix  = "arXiv",
      primaryClass   = "hep-ph",
      reportNumber   = "FERMILAB-PUB-03-071-T",
      SLACcitation   = "%%CITATION = HEP-PH/0305049;%%",
}


@article{Evdokimov:2004iy,
      author         = "Evdokimov, A. V. and others",
      title          = "{First observation of a narrow charm-strange meson
                        $D^{+}_{(sJ)}(2632) \to D^{+}_{(s)} \eta$ and $D^{0} K^{+}$}",
      collaboration  = "SELEX",
      journal        = "Phys. Rev. Lett.",
      volume         = "93",
      pages          = "242001",
      doi            = "10.1103/PhysRevLett.93.242001",
      year           = "2004",
      eprint         = "hep-ex/0406045",
      archivePrefix  = "arXiv",
      primaryClass   = "hep-ex",
      reportNumber   = "FERMILAB-PUB-04-087-E",
      SLACcitation   = "%%CITATION = HEP-EX/0406045;%%",
}



@article{Isgur:1989vq,
      author         = "Isgur, N. and Wise, M. B.",
      title          = "{Weak Decays of Heavy Mesons in the Static Quark
                        Approximation}",
      journal        = "Phys. Lett.",
      volume         = "B232",
      pages          = "113-117",
      doi            = "10.1016/0370-2693(89)90566-2",
      year           = "1989",
      reportNumber   = "UTPT-89-27, CALT-68-1585",
      SLACcitation   = "%%CITATION = PHLTA,B232,113;%%",
}

@article{Neubert:1993mb,
      author         = "Neubert, M.",
      title          = "{Heavy quark symmetry}",
      journal        = "Phys. Rept.",
      volume         = "245",
      pages          = "259-396",
      doi            = "10.1016/0370-1573(94)90091-4",
      year           = "1994",
      eprint         = "hep-ph/9306320",
      archivePrefix  = "arXiv",
      primaryClass   = "hep-ph",
      reportNumber   = "SLAC-PUB-6263",
      SLACcitation   = "%%CITATION = HEP-PH/9306320;%%",
}

@article{Matsuki:2006rz,
      author         = "Matsuki, T. and Morii, T. and Sudoh, K.",
      title          = "{Radial Excitations of Heavy Mesons}",
      journal        = "Eur. Phys. J.",
      volume         = "A31",
      pages          = "701-704",
      doi            = "10.1140/epja/i2006-10287-1",
      year           = "2007",
      eprint         = "hep-ph/0610186",
      archivePrefix  = "arXiv",
      primaryClass   = "hep-ph",
      SLACcitation   = "%%CITATION = HEP-PH/0610186;%%",
}

%----section 3 (Semileptonic - Oyanguren) ------------------------

@article{Becher:2005bg,
      author         = "Becher, Thomas and Hill, Richard J.",
      title          = "{Comment on form-factor shape and extraction of |V(ub)|
                        from B ---&gt; pi l nu}",
      journal        = "Phys. Lett.",
      volume         = "B633",
      pages          = "61-69",
      doi            = "10.1016/j.physletb.2005.11.063",
      year           = "2006",
      eprint         = "hep-ph/0509090",
      archivePrefix  = "arXiv",
      primaryClass   = "hep-ph",
      reportNumber   = "FERMILAB-PUB-05-385-T, SLAC-PUB-11468",
      SLACcitation   = "%%CITATION = HEP-PH/0509090;%%",
}

@article{Gilman:1989uy,
      author         = "Gilman, Frederick J. and Singleton, Robert L.",
      title          = "{Analysis of Semileptonic Decays of Mesons Containing
                        Heavy Quarks}",
      journal        = "Phys. Rev.",
      volume         = "D41",
      pages          = "142",
      doi            = "10.1103/PhysRevD.41.142",
      year           = "1990",
      reportNumber   = "SLAC-PUB-5065",
      SLACcitation   = "%%CITATION = PHRVA,D41,142;%%",
}

@article{Boyd:1994tt,
      author         = "Boyd, C. Glenn and Grinstein, Benjamin and Lebed, Richard
                        F.",
      title          = "{Constraints on form-factors for exclusive semileptonic
                        heavy to light meson decays}",
      journal        = "Phys. Rev. Lett.",
      volume         = "74",
      pages          = "4603-4606",
      doi            = "10.1103/PhysRevLett.74.4603",
      year           = "1995",
      eprint         = "hep-ph/9412324",
      archivePrefix  = "arXiv",
      primaryClass   = "hep-ph",
      reportNumber   = "UCSD-PTH-94-27",
      SLACcitation   = "%%CITATION = HEP-PH/9412324;%%",
}


@article{Lees:2013uxa,
      author         = "Lees, J.~P. and others",
      title          = "{Measurement of the $D^*(2010)^+$ natural line width and
                        the $D^*(2010)^+ - D^0$ mass difference}",
      collaboration  = "\babar",
      journal        = "Phys. Rev.",
      volume         = "D88",
      pages          = "052003",
      doi            = "10.1103/PhysRevD.88.079902, 10.1103/PhysRevD.88.052003",
      year           = "2013",
      eprint         = "1304.5009",
      archivePrefix  = "arXiv",
      primaryClass   = "hep-ex",
      reportNumber   = "BABAR-PUB-12-032, SLAC-PUB-15374",
      SLACcitation   = "%%CITATION = ARXIV:1304.5009;%%",
}

@article{Burdman:1996kr,
      author         = "Burdman, Gustavo and Kambor, Joachim",
      title          = "{Dispersive approach to semileptonic form-factors in
                        heavy to light meson decays}",
      journal        = "Phys. Rev.",
      volume         = "D55",
      pages          = "2817-2826",
      doi            = "10.1103/PhysRevD.55.2817",
      year           = "1997",
      eprint         = "hep-ph/9602353",
      archivePrefix  = "arXiv",
      primaryClass   = "hep-ph",
      reportNumber   = "FERMILAB-PUB-96-033-T, IPNO-TH-96-09",
      SLACcitation   = "%%CITATION = HEP-PH/9602353;%%",
}


@article{Hill:2006ub,
      author         = "Hill, Richard J.",
      title          = "{The Modern description of semileptonic meson form
                        factors}",
      journal        = "eConf",
      volume         = "C060409",
      pages          = "027",
      year           = "2006",
      eprint         = "hep-ph/0606023",
      archivePrefix  = "arXiv",
      primaryClass   = "hep-ph",
      reportNumber   = "FERMILAB-CONF-06-155-T, FPCP06-324, FPCP-2006-027",
      SLACcitation   = "%%CITATION = HEP-PH/0606023;%%",
}

@article{Becirevic:1999kt,
      author         = "Becirevic, Damir and Kaidalov, Alexei B.",
      title          = "{Comment on the heavy ---&gt; light form-factors}",
      journal        = "Phys. Lett.",
      volume         = "B478",
      pages          = "417-423",
      doi            = "10.1016/S0370-2693(00)00290-2",
      year           = "2000",
      eprint         = "hep-ph/9904490",
      archivePrefix  = "arXiv",
      primaryClass   = "hep-ph",
      reportNumber   = "LPT-ORSAY-99-32, ROMA-99-1248",
      SLACcitation   = "%%CITATION = HEP-PH/9904490;%%",
}

@article{Becirevic:2014kaa,
      author         = "Becirevic, Damir and Yaouanc, Alain Le and Oyanguren,
                        Arantza and Roudeau, Patrick and Sanfilippo, Francesco",
      title          = "{Insight into $D/B\to \pi \ell \nu_\ell$ decay using the
                        pole models}",
      year           = "2014",
      eprint         = "1407.1019",
      archivePrefix  = "arXiv",
      primaryClass   = "hep-ph",
      reportNumber   = "LPT-14-58",
      SLACcitation   = "%%CITATION = ARXIV:1407.1019;%%",
}

@article{Huang:2004fra,
      author         = "Huang, G.S. and others",
      title          = "{Study of semileptonic charm decays D0 ---&gt; pi- l+ nu
                        and D0 ---&gt; K- l+ nu}",
      collaboration  = "CLEO",
      journal        = "Phys. Rev. Lett.",
      volume         = "94",
      pages          = "011802",
      doi            = "10.1103/PhysRevLett.94.011802",
       year           = "2005",
      eprint         = "hep-ex/0407035",
      archivePrefix  = "arXiv",
      primaryClass   = "hep-ex",
      reportNumber   = "CLNS-04-1876, CLEO-04-06",
      SLACcitation   = "%%CITATION = HEP-EX/0407035;%%",
}

@article{Link:2004dh,
      author         = "Link, J.M. and others",
      title          = "{Measurements of the $q^{2}$ dependence of the $D^0 \to
                        K^{-} \mu^{+} \nu$ and $D^0 \to \pi^{-} \mu^{+} \nu$ form
                        factors}",
      collaboration  = "FOCUS",
      journal        = "Phys. Lett.",
      volume         = "B607",
      pages          = "233-242",
      doi            = "10.1016/j.physletb.2004.12.036",
      year           = "2005",
      eprint         = "hep-ex/0410037",
      archivePrefix  = "arXiv",
      primaryClass   = "hep-ex",
      reportNumber   = "FERMILAB-PUB-04-277",
      SLACcitation   = "%%CITATION = HEP-EX/0410037;%%",
}

@article{Widhalm:2006wz,
      author         = "Widhalm, L. and others",
      title          = "{Measurement of $D^0 \to \pi l \nu$ $(Kl \nu)$ Form Factors
                        and Absolute Branching Fractions}",
      collaboration  = "Belle",
      journal        = "Phys. Rev. Lett.",
      volume         = "97",
      pages          = "061804",
      doi            = "10.1103/PhysRevLett.97.061804",
      year           = "2006",
      eprint         = "hep-ex/0604049",
      archivePrefix  = "arXiv",
      primaryClass   = "hep-ex",
      reportNumber   = "BELLE-PREPRINT-2006-12",
      SLACcitation   = "%%CITATION = HEP-EX/0604049;%%",
}

@article{Aubert:2007wg,
      author         = "Aubert, Bernard and others",
      title          = "{Measurement of the hadronic form-factor in $D^0 \to
                        K^{-} e^{+} \nu_{e}$ decays}",
      collaboration  = "\babar",
      journal        = "Phys. Rev.",
      volume         = "D76",
      pages          = "052005",
      doi            = "doi:10.1103/PhysRevD.76.052005",
      year           = "2007",
      eprint         = "0704.0020",
      archivePrefix  = "arXiv",
      primaryClass   = "hep-ex",
      reportNumber   = "SLAC-PUB-12417, BABAR-PUB-07-015",
      SLACcitation   = "%%CITATION = ARXIV:0704.0020;%%",
}

@article{delAmoSanchez:2010fd,
      author         = "del Amo Sanchez, P. and others",
      title          = "{Analysis of the $D^+ \to K^- \pi^+ e^+ \nu_e$ decay
                        channel}",
      collaboration  = "\babar",
      journal        = "Phys. Rev.",
      volume         = "D83",
      pages          = "072001",
      year           = "2011",
      eprint         = "1012.1810",
      archivePrefix  = "arXiv",
      primaryClass   = "hep-ex",
      reportNumber   = "BABAR-PUB-10-021, SLAC-PUB-14329",
      SLACcitation   = "%%CITATION = ARXIV:1012.1810;%%",

}

@article{Besson:2009uv,
      author         = "Besson, D. and others",
      title          = "{Improved measurements of D meson semileptonic decays to
                        pi and K mesons}",
      collaboration  = "CLEO",
      journal        = "Phys. Rev.",
      volume         = "D80",
      pages          = "032005",
      doi            = "10.1103/PhysRevD.80.032005",
      year           = "2009",
      eprint         = "0906.2983",
      archivePrefix  = "arXiv",
      primaryClass   = "hep-ex",
      reportNumber   = "CLNS-09-2049, CLEO-09-02",
      SLACcitation   = "%%CITATION = ARXIV:0906.2983;%%",
}


@article{Estabrooks:1977xe,
      author         = "Estabrooks, P. and Carnegie, R.K. and Martin, Alan D. and
                        Dunwoodie, W.M. and Lasinski, T.A. and others",
      title          = "{Study of K pi Scattering Using the Reactions K+- p
                        ---&gt; K+- pi+ n and K+- p ---&gt; K+- pi- Delta++ at
                        13-GeV/c}",
      journal        = "Nucl. Phys.",
      volume         = "B133",
      pages          = "490",
      doi            = "10.1016/0550-3213(78)90238-9",
      year           = "1978",
      reportNumber   = "SLAC-PUB-2004",
      SLACcitation   = "%%CITATION = NUPHA,B133,490;%%",
}

%% moved Aston:1987ir to EndOfYear11.bib

@Unpublished{BESIII,
      author        = "Chunlei Liu ", 
      collaboration = "BESIII", 
      title         = "Results on semileptonic $D$ decays",
      note          = "presented at Charm 2012 conference",
      year          = "2012",
      fnsizeurl      = "{http://www.phys.hawaii.edu/indico/contributionDisplay.py?contribId=43&confId=338}",
}

@Unpublished{BESIII-new,
      author        = "Yangheng Zheng", 
      collaboration = "BESIII", 
      title         = "$D$ leptonic decay and semi-leptonic decays from BESIII",
      note          = "presented at ICHEP 2014 conference",
      year          = "2014",
      fnsizeurl      = "{http://indico.ific.uv.es/indico/getFile.py/access?contribId=69&sessionId=25&resId=0&materialId=slides&confId=2025}",
}

@Unpublished{babar-new,
      author        = "Arantza Oyanguren", 
      collaboration = "\babar", 
      title         = "Measurement of the $D\to pi^- e^+ \nu$  partial branching fraction, form factor and implications for $V_{ub}$.",
      note          = "presented at ICHEP 2014 conference",
      year          = "2014",
      fnsizeurl      = "{http://indico.ific.uv.es/indico/getFile.py/access?contribId=731&sessionId=25&resId=0&materialId=slides&confId=2025}",
}


@Unpublished{FLAG,
author        = "S. Aoki and others", 
collaboration = "FLAG", 
title = "Review of lattice results concerning low energy particle physics", 
year = "2014", 
fnsizeurl = "http://itpwiki.unibe.ch/flag/images/4/4b/FLAG.pdf",
note = "http://itpwiki.unibe.ch/flag/images/4/4b/FLAG.pdf",
}

@article{Na:2011mc,
      author         = "Na, Heechang and Davies, Christine T.H. and Follana,
                        Eduardo and Koponen, Jonna and Lepage, G. Peter and
                        others",
      title          = "{$D \rightarrow \pi, l \nu$ Semileptonic Decays,
                        $|V_{cd}|$ and 2$^{nd}$ Row Unitarity from Lattice QCD}",
      journal        = "Phys. Rev.",
      volume         = "D84",
      pages          = "114505",
      doi            = "10.1103/PhysRevD.84.114505",
      year           = "2011",
      eprint         = "1109.1501",
      archivePrefix  = "arXiv",
      primaryClass   = "hep-lat",
      SLACcitation   = "%%CITATION = ARXIV:1109.1501;%%",
}

@article{Na:2010uf,
      author         = "Na, Heechang and Davies, Christine T.H. and Follana,
                        Eduardo and Lepage, G. Peter and Shigemitsu, Junko",
      title          = "{The $D \rightarrow K, l \nu$ Semileptonic Decay Scalar
                        Form Factor and $|V_{cs}|$ from Lattice QCD}",
      journal        = "Phys. Rev.",
      volume         = "D82",
      pages          = "114506",
      doi            = "10.1103/PhysRevD.82.114506",
      year           = "2010",
      eprint         = "1008.4562",
      archivePrefix  = "arXiv",
      primaryClass   = "hep-lat",
      SLACcitation   = "%%CITATION = ARXIV:1008.4562;%%",
}

@article{Anjos:1988ue,
      author         = "Anjos, J.C. and others",
      title          = "{A Study of the Semileptonic Decay Mode D0 ---&gt; K- e+
                        Electron-neutrino}",
      collaboration  = "Tagged Photon Spectrometer",
      journal        = "Phys. Rev. Lett.",
      volume         = "62",
      pages          = "1587-1590",
      doi            = "10.1103/PhysRevLett.62.1587",
      year           = "1989",
      reportNumber   = "FERMILAB-PUB-88-141-E",
      SLACcitation   = "%%CITATION = PRLTA,62,1587;%%",
}
@article{Crawford:1991zd,
      author         = "Crawford, Glen D. and others",
      title          = "{Measurement of the ratio B (D0 ---&gt; K*- e+
                        electron-neutrino) / B (D0 ---&gt; K- e+
                        electron-neutrino)}",
      collaboration  = "CLEO",
      journal        = "Phys. Rev.",
      volume         = "D44",
      pages          = "3394-3401",
      doi            = "10.1103/PhysRevD.44.3394",
      year           = "1991",
      reportNumber   = "CLNS-91-1083, CLEO-91-4",
      SLACcitation   = "%%CITATION = PHRVA,D44,3394;%%",
}

@article{Bean:1993zv,
      author         = "Bean, A. and others",
      title          = "{Measurement of exclusive semileptonic decays of D
                        mesons}",
      collaboration  = "CLEO",
      journal        = "Phys. Lett.",
      volume         = "B317",
      pages          = "647-654",
      doi            = "10.1016/0370-2693(93)91385-Z",
      year           = "1993",
      reportNumber   = "CLNS-93-1249, CLEO-93-18",
      SLACcitation   = "%%CITATION = PHLTA,B317,647;%%",
}

@article{Butler:1995ca,
      author         = "Butler, F. and others",
      title          = "{Measurement of the ratio of branching fractions B (D0
                        ---&gt; pi- e+ electron-neutrino) / B (D0 ---&gt; K- e+
                        electron-neutrino)}",
      collaboration  = "CLEO",
      journal        = "Phys. Rev.",
      volume         = "D52",
      pages          = "2656-2660",
      doi            = "10.1103/PhysRevD.52.2656",
      year           = "1995",
      reportNumber   = "CLNS-95-1324, CLEO-95-3",
      SLACcitation   = "%%CITATION = PHRVA,D52,2656;%%",
}

@article{Frabetti:1995xq,
      author         = "Frabetti, P.L. and others",
      title          = "{Analysis of the decay mode D0 ---&gt; K- mu+
                        muon-neutrino}",
      collaboration  = "E687",
      journal        = "Phys. Lett.",
      volume         = "B364",
      pages          = "127-136",
      doi            = "10.1016/0370-2693(95)01368-2",
      year           = "1995",
      reportNumber   = "FERMILAB-PUB-95-338-E",
      SLACcitation   = "%%CITATION = PHLTA,B364,127;%%",
}

@article{Frabetti:1996jj,
      author         = "Frabetti, P.L. and others",
      title          = "{Analysis of the Cabibbo suppressed decay D0 --&gt; pi-
                        lepton+ neutrino}",
      collaboration  = "E687",
      journal        = "Phys. Lett.",
      volume         = "B382",
      pages          = "312-322",
      doi            = "10.1016/0370-2693(96)00799-X",
      year           = "1996",
      reportNumber   = "FERMILAB-PUB-96-139-E",
      SLACcitation   = "%%CITATION = PHLTA,B382,312;%%",
}

@article{Ablikim:2004ej,
      author         = "Ablikim, M. and others",
      title          = "{Direct measurements of the branching fractions for D0
                        ---&gt; K- e+ nu(e) and D0 ---&gt; pi- e+ nu(e) and
                        determinations of the form-factors f**K(+)(0) and
                        f**pi(+)(0)}",
      collaboration  = "BES",
      journal        = "Phys. Lett.",
      volume         = "B597",
      pages          = "39-46",
      doi            = "10.1016/j.physletb.2004.07.004",
      year           = "2004",
      eprint         = "hep-ex/0406028",
      archivePrefix  = "arXiv",
      primaryClass   = "hep-ex",
      SLACcitation   = "%%CITATION = HEP-EX/0406028;%%",
}

@Article{GaoICHEP06,
     author    = "Y.~Gao",
     journal   = "Talk presented at the XXXIII International Conference on High Energy Physics (ICHEP'06)",
     volume    = "Moscow",
     year      = "August 2006",
     pages     = "the Russian Federation"
}

@article{Dobbs:2007aa,
      author         = "Dobbs, S. and others",
      title          = "{A Study of the semileptonic charm decays D0 ---&gt;pi-
                        e+ nu(e), D+ ---&gt; pi0 e+ nu(e), D0 ---&gt; K- e+ nu(e),
                        and D+ ---&gt; anti-K0 e+ nu(e)}",
      collaboration  = "CLEO",
      journal        = "Phys. Rev.",
      volume         = "D77",
      pages          = "112005",
      doi            = "10.1103/PhysRevD.77.112005",
      year           = "2008",
      eprint         = "0712.1020",
      archivePrefix  = "arXiv",
      primaryClass   = "hep-ex",
      reportNumber   = "CLNS-06-1968, CLEO-06-13",
      SLACcitation   = "%%CITATION = ARXIV:0712.1020;%%",
}

@article{Aubin:2004ej,
      author         = "Aubin, C. and others",
      title          = "{Semileptonic decays of D mesons in three-flavor lattice
                        QCD}",
      collaboration  = "Fermilab Lattice collaboration, MILC collaboration, HPQCD
                       ",
      journal        = "Phys. Rev. Lett.",
      volume         = "94",
      pages          = "011601",
      doi            = "10.1103/PhysRevLett.94.011601",
      year           = "2005",
      eprint         = "hep-ph/0408306",
      archivePrefix  = "arXiv",
      primaryClass   = "hep-ph",
      reportNumber   = "FERMILAB-PUB-04-195-T",
      SLACcitation   = "%%CITATION = HEP-PH/0408306;%%",
}

@article{Boyd:1997qw,
      author         = "Boyd, C. Glenn and Savage, Martin J.",
      title          = "{Analyticity, shapes of semileptonic form-factors, and
                        anti-B ---&gt; pi lepton anti-neutrino}",
      journal        = "Phys. Rev.",
      volume         = "D56",
      pages          = "303-311",
      doi            = "10.1103/PhysRevD.56.303",
      year           = "1997",
      eprint         = "hep-ph/9702300",
      archivePrefix  = "arXiv",
      primaryClass   = "hep-ph",
      reportNumber   = "CMU-HEP-97-02, DOE-ER-40682-127, DOE-ER-41014-07-N97",
      SLACcitation   = "%%CITATION = HEP-PH/9702300;%%",
}

@Article{Arnesen:2005ez,
     author    = "M.~C. Arnesen and B. Grinstein and I.~Z. Rothstein and I.~W. Stewart",
     journal   = "Phys. Rev. Lett.",
     volume    = "95",
     year      = "2005",
     pages     = "071802",
     doi       = "10.1103/PhysRevLett.95.071802",
}

@Article{Bourrely:1980gp,
     author    = "C.~Bourrely and B.~Machet and E.~de~Rafael",
     journal   = "Nucl. Phys.",
     volume    = " B189",
     year      = "1981",
     pages     = "157",
     doi       = "10.1016/0550-3213(81)90086-9",
}

@article{Anjos:1990pn,
      author         = "Anjos, J.C. and others",
      collaboration  = "{Fermilab E691}",
      title          = "{Measurement of the form-factors in the decay D+ ---&gt;
                        anti-K*0 e+ electron-neutrino}",
      journal        = "Phys. Rev. Lett.",
      volume         = "65",
      pages          = "2630-2633",
      doi            = "10.1103/PhysRevLett.65.2630",
      year           = "1990",
      reportNumber   = "FERMILAB-PUB-90-124-E",
      SLACcitation   = "%%CITATION = PRLTA,65,2630;%%",
}

@article{Kodama:1992tn,
      author         = "Kodama, K. and others",
      title          = "{Measurement of the form-factor ratios in the decay D+
                        ---&gt; anti-K*0 (892) mu+ neutrino}",
      collaboration  = "Fermilab E653",
      journal        = "Phys. Lett.",
      volume         = "B274",
      pages          = "246-252",
      doi            = "10.1016/0370-2693(92)90530-H",
      year           = "1992",
      reportNumber   = "CMU-HEP92-02",
      SLACcitation   = "%%CITATION = PHLTA,B274,246;%%",
}

@article{Frabetti:1993jq,
      author         = "Frabetti, P.L. and others",
      title          = "{Analysis of the decay mode D+ ---&gt; anti-K*0 mu+
                        neutrino}",
      collaboration  = "Fermilab E687",
      journal        = "Phys. Lett.",
      volume         = "B307",
      pages          = "262-268",
      doi            = "10.1016/0370-2693(93)90216-5",
      year           = "1993",
      reportNumber   = "FERMILAB-PUB-93-064-E",
      SLACcitation   = "%%CITATION = PHLTA,B307,262;%%",
}

@article{Aitala:1997cm,
      author         = "Aitala, E.M. and others",
      title          = "{Measurement of the form-factor ratios for D+ ---&gt;
                        anti-K*0 e+ electron-neutrino}",
      collaboration  = "E791",
      journal        = "Phys. Rev. Lett.",
      volume         = "80",
      pages          = "1393-1397",
      doi            = "10.1103/PhysRevLett.80.1393",
      year           = "1998",
      eprint         = "hep-ph/9710216",
      archivePrefix  = "arXiv",
      primaryClass   = "hep-ph",
      reportNumber   = "FERMILAB-PUB-97-267",
      SLACcitation   = "%%CITATION = HEP-PH/9710216;%%",
}

@article{Aitala:1998ey,
      author         = "Aitala, E.M. and others",
      title          = "{Measurement of the form-factor ratios for D+ ---&gt;
                        anti-K*0 lepton+ lepton-neutrino}",
      collaboration  = "E791",
      journal        = "Phys. Lett.",
      volume         = "B440",
      pages          = "435-441",
      doi            = "10.1016/S0370-2693(98)01243-X",
      year           = "1998",
      eprint         = "hep-ex/9809026",
      archivePrefix  = "arXiv",
      primaryClass   = "hep-ex",
      reportNumber   = "KSU-HEP-98-001, FERMILAB-PUB-98-289-E",
      SLACcitation   = "%%CITATION = HEP-EX/9809026;%%",
}

@article{Adamovich:1998ia,
      author         = "Adamovich, M. and others",
      title          = "{A Measurement of the form-factor ratios in the decay D+
                        ---&gt; anti-K*0 muon+ muon-neutrino}",
      collaboration  = "BEATRICE",
      journal        = "Eur. Phys. J.",
      volume         = "C6",
      pages          = "35-41",
      doi            = "10.1007/s100529801012",
      year           = "1999",
      reportNumber   = "CERN-EP-98-112",
      SLACcitation   = "%%CITATION = EPHJA,C6,35;%%",
}

@article{Link:2002wg,
      author         = "Link, J.M. and others",
      title          = "{New measurements of the D+ ---&gt; anti-K+*0 mu+ nu
                        form-factor ratios}",
      collaboration  = "FOCUS",
      journal        = "Phys. Lett.",
      volume         = "B544",
      pages          = "89-96",
      doi            = "10.1016/S0370-2693(02)02386-9",
      year           = "2002",
      eprint         = "hep-ex/0207049",
      archivePrefix  = "arXiv",
      primaryClass   = "hep-ex",
      reportNumber   = "FERMILAB-PUB-02-161-E",
      SLACcitation   = "%%CITATION = HEP-EX/0207049;%%",
}

@article{Link:2004uk,
      author         = "Link, J.M. and others",
      title          = "{Analysis of the semileptonic decay D0 ---&gt; anti-K0
                        pi- mu+ nu}",
      collaboration  = "FOCUS",
      journal        = "Phys. Lett.",
      volume         = "B607",
      pages          = "67-77",
      doi            = "10.1016/j.physletb.2004.12.037",
      year           = "2005",
      eprint         = "hep-ex/0410067",
      archivePrefix  = "arXiv",
      primaryClass   = "hep-ex",
      reportNumber   = "FERMILAB-PUB-04-294-E",
      SLACcitation   = "%%CITATION = HEP-EX/0410067;%%",
}

@article{Mahlke:2007uf,
      author         = "Mahlke, Hanna",
      title          = "{Leptonic and Semileptonic D-Decays}",
      journal        = "eConf",
      volume         = "C0610161",
      pages          = "014",
      year           = "2006",
      eprint         = "hep-ex/0702014",
      archivePrefix  = "arXiv",
      primaryClass   = "hep-ex",
      reportNumber   = "HQL-2006-014",
      SLACcitation   = "%%CITATION = HEP-EX/0702014;%%",
}

@article{Link:2002ev,
      author         = "Link, J.M. and others",
      title          = "{Evidence for new interference phenomena in the decay D+
                        ---&gt; K- pi+ mu+ nu}",
      collaboration  = "FOCUS",
      journal        = "Phys. Lett.",
      volume         = "B535",
      pages          = "43-51",
      doi            = "10.1016/S0370-2693(02)01715-X",
      year           = "2002",
      eprint         = "hep-ex/0203031",
      archivePrefix  = "arXiv",
      primaryClass   = "hep-ex",
      reportNumber   = "FERMILAB-PUB-02-054-E",
      SLACcitation   = "%%CITATION = HEP-EX/0203031;%%",
}

@article{Briere:2010zc,
      author         = "Briere, R. A. and others",
      title          = "{Analysis of D^+ -&gt; K^- pi^+ e^+ nu_e and D^+ -&gt;
                        K^- pi^+ mu^+ nu_mu Semileptonic Decays}",
      collaboration  = "CLEO",
      journal        = "Phys. Rev.",
      volume         = "D81",
      pages          = "112001",
      doi            = "10.1103/PhysRevD.81.112001",
      year           = "2010",
      eprint         = "1004.1954",
      archivePrefix  = "arXiv",
      primaryClass   = "hep-ex",
      reportNumber   = "CLNS-10-2063, CLEO-10-01",
      SLACcitation   = "%%CITATION = ARXIV:1004.1954;%%",
}

@Article{Aubert:2008rs,
     author    = "Aubert, Bernard and others",
     collaboration = "\babar",
     title     = "{Study of the decay $D^+_{s} \to K^{+} K^{-} e^{+}
                  \nu_{e}$}",
     journal   = "Phys. Rev.",
     volume    = "D78",
     year      = "2008",
     pages     = "051101",
     eprint    = "0807.1599",
     archivePrefix = "arXiv",
     primaryClass  =  "hep-ex",
     doi       = "10.1103/PhysRevD.78.051101",
     SLACcitation  = "%%CITATION = 0807.1599;%%"
}

@Article{Ecklund:2009fia,
     author    = "Ecklund, K. M. and others",
 collaboration = "CLEO",
     title     = "{Study of the semileptonic decay Ds+ -> f0(980) e+ nu and
                  implications for Bs -> J/psi f0}",
     journal   = "Phys. Rev.",
     volume    = "D80",
     year      = "2009",
     pages     = "052009",
     eprint    = "0907.3201",
     archivePrefix = "arXiv",
     primaryClass  =  "hep-ex",
     doi       = "10.1103/PhysRevD.80.052009",
     SLACcitation  = "%%CITATION = 0907.3201;%%"
}

% TJG removed Briere10 elsewhere in bib (correctly) as Briere:2010zc
% TJG removed several other duplicated references

%----section 4 (Daniel CP)--------------------------------------------

@article{Grossman:2012aa,
      author         = "Grossman, Yuval and Nir, Yosef",
      title          = "{CP Violation in $\tau \to \nu\pi K_S$ and $D \to \pi K_S$:
      The Importance of $K_S-K_L$ Interference}",
      journal        = "JHEP",
      volume         = "1204",
      pages          = "002",
      doi            = "10.1007/JHEP04(2012)002",
      year           = "2012",
      eprint         = "1110.3790",
      archivePrefix  = "arXiv",
      primaryClass   = "hep-ph",
      SLACcitation   = "%%CITATION = ARXIV:1110.3790;%%",
}

@Article{Ko:2010ng,
     author    = "Ko, B.~R. and others",
     collaboration = "Belle",
     title     = "{Search for CP violation in the decays $D^+_{(s)} \to
                  K_S^0\pi^+$ and $D^+_{(s)} \to K_S^0K^+$}",
     journal   = "Phys. Rev. Lett.",
     volume    = "104",
     year      = "2010",
     pages     = "181602",		  
     eprint    = "1001.3202",
     archivePrefix = "arXiv",
     primaryClass  =  "hep-ex",
     doi       = "10.1103/PhysRevLett.104.181602",
     SLACcitation  = "%%CITATION = 1001.3202;%%"
}

@Article{Eisenstein:2008sq,
     author    = "Eisenstein, B. I. and others",
 collaboration = "CLEO",
     title     = "{Precision Measurement of B(D+ -> mu+ nu) and the
                  Pseudoscalar Decay Constant fD+}",
     journal   = "Phys. Rev.",
     volume    = "D78",
     year      = "2008",
     pages     = "052003",
     eprint    = "0806.2112",
     archivePrefix = "arXiv",
     primaryClass  =  "hep-ex",
     doi       = "10.1103/PhysRevD.78.052003",
     SLACcitation  = "%%CITATION = 0806.2112;%%"
}

@Article{Won:2011ng,
     author    = "Won, E. and others",
 collaboration = "Belle",
     title     = "{Observation of $D^+ \to K^+ \eta^{(\prime)}$ and Search
                  for CP Violation in $D^+ \to \pi^+ \eta^{(\prime)}$ Decays}",
     journal   = "Phys. Rev. Lett.",
     volume    = "107",
     year      = "2011",
     pages     = "221801",
     eprint    = "1107.0553",
     archivePrefix = "arXiv",
     primaryClass  =  "hep-ex",
     doi       = "10.1103/PhysRevLett.107221801",
     SLACcitation  = "%%CITATION = 1107.0553;%%"
}

% TJG deleted Mendez:2010ab -- same record elsewhere as Mendez:2009aa

@Article{Bonvicini:2014aa,
     author    = "Bonvicini, G. and others",
 collaboration = "CLEO",
     title     = "{Updated measurements of absolute $D^+$ and $D^0$ hadronic branching
     fractions and $\sigma(e^+e^- \to D \overline{D})$ at $E_{cm} = 3774$ MeV}",
     journal   = "Phys. Rev.",
     volume    = "D89",
     year      = "2014",
     pages     = "072002",
     eprint    = "1312.6775",
     archivePrefix = "arXiv",
     primaryClass  =  "hep-ex",
     doi       = "10.1103/PhysRevD.89.072002",
     SLACcitation  = "%%CITATION = 1312.6775;%%"
}


@Article{Abe:2007rd,
     author    = "Zhang, L. M. and others",
 collaboration = "Belle",
     title     = "{Measurement of D0-D0bar mixing in D0->Ks pi+ pi- decays}",
     journal   = "Phys. Rev. Lett.",
     volume    = "99",
     year      = "2007",
     pages     = "131803",
     eprint    = "0704.1000",
     archivePrefix = "arXiv",
     primaryClass  =  "hep-ex",
     doi       = "10.1103/PhysRevLett.99.131803",
     SLACcitation  = "%%CITATION = 0704.1000;%%"
}


@Article{Ko:2012aa,
     author    = "Ko, B. R. and others",
 collaboration = "Belle",
     title     = "{Evidence for CP Violation in the Decay 
     $D^+ \rightarrow K^0_S \pi^+$}",
     journal   = "Phys. Rev. Lett.",
     volume    = "109",
     year      = "2012",
     pages     = "021601",
     eprint    = "1203.6409",
     archivePrefix = "arXiv",
     primaryClass  =  "hep-ex",
     doi       = "10.1103/PhysRevLett.109.021601",
     SLACcitation  = "%%CITATION = 1203.6409;%%"
}

@Article{Amo:2011ab,
     author    = "del Amo Sanchez, P. and others",
 collaboration = "\babar",
     title     = "{Search for CP Violation in the Decay D+/- -> Ks pi+/-}",
     journal   = "Phys. Rev.",
     volume    = "D83",
     year      = "2011",
     pages     = "071103",
     eprint    = "1011.5477",
     archivePrefix = "arXiv",
     primaryClass  =  "hep-ex",
     doi       = "10.1103/PhysRevD.83.071103",
     SLACcitation  = "%%CITATION = 1011.5477;%%"
}

@Article{Lees:2013aa,
     author    = "Lees, J.~P. and others",
 collaboration = "\babar",
     title     = "{Search for CP Violation in the Decays $D^{\pm} \to
     K^0_s K^{\pm}, D_s^{\pm} \to K^0_s K^{\pm}$, and $D_s^{\pm} \to
     K^0_s \pi^{\pm}$}",
     journal   = "Phys. Rev.",
     volume    = "D87",
     year      = "2013",
     pages     = "052012",
     eprint    = "1212.3003",
     archivePrefix = "arXiv",
     primaryClass  =  "hep-ex",
     doi       = "10.1103/PhysRevD.87.052012",
     SLACcitation  = "%%CITATION = 1212.3003;%%"
}

@Article{Ko:2013aa,
     author    = "Ko, B. R. and others",
 collaboration = "Belle",
     title     = "{Search for CP Violation in the Decay 
     $D^+ \rightarrow K^0_S \pi+$}",
     journal   = "JHEP",
     volume    = "02",
     year      = "2013",
     pages     = "098",
     eprint    = "1212.6112",
     archivePrefix = "arXiv",
     primaryClass  =  "hep-ex",
     doi       = "10.1007/JHEP02(2013)098",
     SLACcitation  = "%%CITATION = 1212.6112;%%"
}

@Article{Aaij:2014aa,
     author    = "Aaij, R. and others",
 collaboration = "LHCb",
     title     = "{Search for CP Violation in the decay 
     $D^+ \rightarrow \pi^-\pi+\pi^+$}",
     journal   = "Phys. Lett.",
     volume    = "B728",
     year      = "2014",
     pages     = "585",
     eprint    = "1310.7953",
     archivePrefix = "arXiv",
     primaryClass  =  "hep-ex",
     doi       = "10.1016/j.physletb.2013.12.035",
     SLACcitation  = "%%CITATION = 1310.7953;%%"
}

@Article{Lees:2013ab,
     author    = "Lees, J.~P. and others",
 collaboration = "\babar",
     title     = "{Search for direct CP Violation in singly Cabibbo-suppressed 
     $D^{\pm} \to K^+ K^- \pi^{\pm}$ decays}",
     journal   = "Phys. Rev.",
     volume    = "D87",
     year      = "2013",
     pages     = "052010",
     eprint    = "1212.1856",
     archivePrefix = "arXiv",
     primaryClass  =  "hep-ex",
     doi       = "10.1103/PhysRevD.87.052010",
     SLACcitation  = "%%CITATION = 1212.1856;%%"
}


@Article{Aaij:2014ab,
     author    = "Aaij, R. and others",
 collaboration = "LHCb",
     title     = "{Measurement of CP asymmetry in 
     $D^0 \rightarrow K^-K^+$ and $D^0 \rightarrow \pi^-\pi+$ decays}",
     eprint    = "1405.2797",
     archivePrefix = "arXiv",
     primaryClass  =  "hep-ex",
     SLACcitation  = "%%CITATION = 1405.2797;%%"
}

@Article{Aaij:2014ac,
     author    = "Aaij, R. and others",
 collaboration = "LHCb",
     title     = "{Search for CP violation in 
     $D^\pm \rightarrow K^0_S K^\pm$ and $D_s^\pm \rightarrow K^0_S \pi^\pm$ decays}",
     eprint    = "1406.2624",
     archivePrefix = "arXiv",
     primaryClass  =  "hep-ex",
     SLACcitation  = "%%CITATION = 1406.2624;%%"
}

@Article{Ko:2012ab,
     author    = "Ko, B. R. and others",
 collaboration = "Belle",
     title     = "{Direct CP violation in charm at Belle}",
     eprint    = "1212.1975",
     archivePrefix = "arXiv",
     primaryClass  =  "hep-ex",
     SLACcitation  = "%%CITATION = 1212.1975;%%"
}

@Article{Aaltonen:2012ab,
     author    = "Aaltonen, T. and others",
 collaboration = "CDF",
     title     = "{Measurement of CP--violating asymmetries in 
     $D^0\to\pi^+\pi^-$ and $D^0\to K^+K^-$ decays at CDF}",
     journal   = "Phys. Rev.",
     volume    = "D85",
     year      = "2012",
     pages     = "012009",
     eprint    = "1111.5023",
     archivePrefix = "arXiv",
     primaryClass  =  "hep-ex",
     doi       = "10.1103/PhysRevD.85.012009",
     SLACcitation  = "%%CITATION = 1111.5023;%%"
}

@Article{Aaltonen:2012ac,
     author    = "Aaltonen, T. and others",
 collaboration = "CDF",
     title     = "{Measurement of CP-violation asymmetries in 
     $D^0 \to K_S \pi^+\pi^-$}",
     journal   = "Phys. Rev.",
     volume    = "D86",
     year      = "2012",
     pages     = "032007",
     eprint    = "1207.0825",
     archivePrefix = "arXiv",
     primaryClass  =  "hep-ex",
     doi       = "10.1103/PhysRevD.86.032007",
     SLACcitation  = "%%CITATION = 1207.0825;%%"
}

@Article{Aaij:2013aa,
     author    = "Aaij, R. and others",
 collaboration = "LHCb",
     title     = "{Model-indipendent search for CP Violation in 
     $D^0 \rightarrow \pi^-\pi+\pi^+\pi^-$ and $D^0 \rightarrow K^-K^+\pi^-\pi^+$ decay}",
     journal   = "Phys. Lett.",
     volume    = "B726",
     year      = "2013",
     pages     = "623",
     eprint    = "1308.3189",
     archivePrefix = "arXiv",
     primaryClass  =  "hep-ex",
     doi       = "10.1016/j.physletb.2013.09.011",
     SLACcitation  = "%%CITATION = 1308.3189;%%"
}

@Article{Ko:2011ab,
     author    = "Ko, B. R. and others",
 collaboration = "Belle",
     title     = "{Search for CP Violation in the Decays 
     $D^0\rightarrow K^0_S \pi^0$}",
     journal   = "Phys. Rev. Lett.",
     volume    = "106",
     year      = "2011",
     pages     = "211801",
     eprint    = "1101.3365",
     archivePrefix = "arXiv",
     primaryClass  =  "hep-ex",
     doi       = "10.1103/PhysRevLett.106.211801",
     SLACcitation  = "%%CITATION = 1101.3365;%%"
}

@Article{Rubin:2008zi,
     author    = "Rubin, P. and others",
 collaboration = "CLEO",
     title     = "{Search for CP Violation in the Dalitz-Plot Analysis of
                  $D^\pm\to K^+K^-\pi^\pm$}",
     journal   = "Phys. Rev.",
     volume    = "D78",
     year      = "2008",
     pages     = "072003",
     eprint    = "0807.4545",
     archivePrefix = "arXiv",
     primaryClass  =  "hep-ex",
     doi       = "10.1103/PhysRevD.78.072003",
     SLACcitation  = "%%CITATION = 0807.4545;%%"
}

@Article{Alexander:2008cqa,
     author    = "Alexander, J. P. and others",
 collaboration = "CLEO",
     title     = "{Absolute Measurement of Hadronic Branching Fractions of
                  the D_s^+ Meson}",
     journal   = "Phys. Rev. Lett.",
     volume    = "100",
     year      = "2008",
     pages     = "161804",
     eprint    = "0801.0680",
     archivePrefix = "arXiv",
     primaryClass  =  "hep-ex",
     doi       = "10.1103/PhysRevLett.100.161804",
     SLACcitation  = "%%CITATION = 0801.0680;%%"
}


@Article{Adams:2007mx,
     author    = "Adams, G. S. and others",
 collaboration = "CLEO",
     title     = "{Suppressed Decays of D_s^+ Mesons to Two Pseudoscalar
                  Mesons}",
     journal   = "Phys. Rev. Lett.",
     volume    = "99",
     year      = "2007",
     pages     = "191805",
     eprint    = "0708.0139",
     archivePrefix = "arXiv",
     primaryClass  =  "hep-ex",
     doi       = "10.1103/PhysRevLett.99.191805",
     SLACcitation  = "%%CITATION = 0708.0139;%%"
}


@Article{Bigi:2000yz,
     author    = "Bigi, Ikaros I. Y. and Sanda, A. I.",
     title     = "{CP violation}",
     journal   = "Camb. Monogr. Part. Phys. Nucl. Phys. Cosmol.",
     volume    = "9",
     year      = "2000",
     pages     = "1-382",
     SLACcitation  = "%%CITATION = CMPCE,9,1;%%"
}


@Article{Nir:1999mg,
     author    = "Nir, Yosef",
     title     = "{CP violation in and beyond the standard model}",
     year      = "1999",
     eprint    = "hep-ph/9911321",
     archivePrefix = "arXiv",
     SLACcitation  = "%%CITATION = HEP-PH/9911321;%%"
}

@Article{Buccella:1994nf,
     author    = "Buccella, F. and Lusignoli, Maurizio and Miele, G. and
                  Pugliese, A. and Santorelli, Pietro",
     title     = "{Nonleptonic weak decays of charmed mesons}",
     journal   = "Phys. Rev.",
     volume    = "D51",
     year      = "1995",
     pages     = "3478",
     eprint    = "hep-ph/9411286",
     archivePrefix = "arXiv",
     doi       = "10.1103/PhysRevD.51.3478",
     SLACcitation  = "%%CITATION = HEP-PH/9411286;%%"
}


@Article{Acosta:2004ts,
     author    = "Acosta, Darin E. and others",
 collaboration = "CDF",
     title     = "{Measurement of partial widths and search for direct CP
                  violation in $D^0$  meson decays to $K^- K^+$ and $\pi^-
                  \pi^+$}",
     journal   = "Phys. Rev. Lett.",
     volume    = "94",
     year      = "2005",
     pages     = "122001",
     eprint    = "hep-ex/0504006",
     archivePrefix = "arXiv",
     doi       = "10.1103/PhysRevLett.94.122001",
     SLACcitation  = "%%CITATION = HEP-EX/0504006;%%"
}

@Article{Link:2000aw,
     author    = "Link, J. M. and others",
 collaboration = "FOCUS",
     title     = "{Search for CP violation in D0 and D+ decays}",
     journal   = "Phys. Lett.",
     volume    = "B491",
     year      = "2000",
     pages     = "232",
     eprint    = "hep-ex/0005037",
     archivePrefix = "arXiv",
     doi       = "10.1016/S0370-2693(00)01039-X",
     SLACcitation  = "%%CITATION = HEP-EX/0005037;%%"
}

@Article{Aitala:1997ff,
     author    = "Aitala, E. M. and others",
 collaboration = "E791",
     title     = "{Branching fractions for D0 --> K+ K- and D0 --> pi+ pi-,
                  and a search  for CP violation in D0 decays}",
     journal   = "Phys. Lett.",
     volume    = "B421",
     year      = "1998",
     pages     = "405",
     eprint    = "hep-ex/9711003",
     archivePrefix = "arXiv",
     doi       = "10.1016/S0370-2693(97)01570-0",
     SLACcitation  = "%%CITATION = HEP-EX/9711003;%%"
}

@Article{Bartelt:1995vr,
     author    = "Bartelt, John E. and others",
 collaboration = "CLEO",
     title     = "{Search for CP violation in D0 decay}",
     journal   = "Phys. Rev.",
     volume    = "D52",
     year      = "1995",
     pages     = "4860",
     doi       = "10.1103/PhysRevD.52.4860",
     SLACcitation  = "%%CITATION = PHRVA,D52,4860;%%"
}

@Article{Frabetti:1994kv,
     author    = "Frabetti, P. L. and others",
 collaboration = "E687",
     title     = "{Search for CP violation in charm meson decay}",
     journal   = "Phys. Rev.",
     volume    = "D50",
     year      = "1994",
     pages     = "2953",
     doi       = "10.1103/PhysRevD.50.R2953",
     SLACcitation  = "%%CITATION = PHRVA,D50,2953;%%"
}

@Article{Bonvicini:2000qm,
     author    = "Bonvicini, G. and others",
 collaboration = "CLEO",
     title     = "{Search for CP violation in $D^0 \to K^0_{S} \pi^0$ and
                  $D^0 \to \pi^0 \pi^0$ and $D^0 \to K^0_{S} K^0_{S}$
                  decays}",
     journal   = "Phys. Rev.",
     volume    = "D63",
     year      = "2001",
     pages     = "071101",
     eprint    = "hep-ex/0012054",
     archivePrefix = "arXiv",
     doi       = "10.1103/PhysRevD.63.071101",
     SLACcitation  = "%%CITATION = HEP-EX/0012054;%%"
}

@Article{Nisar:2014aa,
     author    = "Nisar, N. K. and others",
 collaboration = "Belle",
     title     = "{Search for CP violation in $D^0 \to \pi^{0} \pi^{0} decays$}",
     journal   = "Phys. Rev. Lett.",
     volume    = "112",
     year      = "2014",
     pages     = "211601",
     eprint    = "1404.1266",
     archivePrefix = "arXiv",
     primaryClass  =  "hep-ex",
     doi       = "10.1103/PhysRevLett.112.211601",
     SLACcitation  = "%%CITATION = 1404.1266;%%"
}

@Article{Aubert:2008yd,
     author    = "Aubert, Bernard and others",
 collaboration = "\babar",
     title     = "{Search for CP Violation in Neutral D Meson Cabibbo-
                  suppressed Three-body Decays}",
     journal   = "Phys. Rev.",
     volume    = "D78",
     year      = "2008",
     pages     = "051102",
     eprint    = "0802.4035",
     archivePrefix = "arXiv",
     primaryClass  =  "hep-ex",
     doi       = "10.1103/PhysRevD.78.051102",
     SLACcitation  = "%%CITATION = 0802.4035;%%"
}

@Article{Arinstein:2008zh,
     author    = "Arinstein, K.",
 collaboration = "Belle",
     title     = "{Measurement of the ratio $B(D^0 \to \pi^{+} \pi^{-}
                  \pi^0)$ / $B(D^0 \to K^{-} \pi^{+} \pi^0)$ and the time-
                  integrated CP asymmetry in $D^0 \to \pi^{+} \pi^{-}
                  \pi^0$}",
     journal   = "Phys. Lett.",
     volume    = "B662",
     year      = "2008",
     pages     = "102",
     eprint    = "0801.2439",
     archivePrefix = "arXiv",
     primaryClass  =  "hep-ex",
     doi       = "10.1016/j.physletb.2008.02.054",
     SLACcitation  = "%%CITATION = 0801.2439;%%"
}

@Article{CroninHennessy:2005sy,
     author    = "Cronin-Hennessy, D. and others",
 collaboration = "CLEO",
     title     = "{Searches for CP violation and pi pi S-wave in the Dalitz-
                  plot of D0 -->  pi+ pi- pi0}",
     journal   = "Phys. Rev.",
     volume    = "D72",
     year      = "2005",
     pages     = "031102",
     eprint    = "hep-ex/0503052",
     archivePrefix = "arXiv",
     doi       = "10.1103/PhysRevD.72.031102",
     SLACcitation  = "%%CITATION = HEP-EX/0503052;%%"
}

@Article{Dobbs:2007zt,
     author    = "Dobbs, S. and others",
 collaboration = "CLEO",
     title     = "{Measurement of Absolute Hadronic Branching Fractions of D
                  Mesons and e^+ e^- --> D D-bar Cross Sections at the
                  psi(3770)}",
     journal   = "Phys. Rev.",
     volume    = "D76",
     year      = "2007",
     pages     = "112001",
     eprint    = "0709.3783",
     archivePrefix = "arXiv",
     primaryClass  =  "hep-ex",
     doi       = "10.1103/PhysRevD.76.112001",
     SLACcitation  = "%%CITATION = 0709.3783;%%"
}

@Article{Kopp:2000gv,
     author    = "Kopp, S. and others",
 collaboration = "CLEO",
     title     = "{Dalitz analysis of the decay D0 --> K- pi+ pi0}",
     journal   = "Phys. Rev.",
     volume    = "D63",
     year      = "2001",
     pages     = "092001",
     eprint    = "hep-ex/0011065",
     archivePrefix = "arXiv",
     doi       = "10.1103/PhysRevD.63.092001",
     SLACcitation  = "%%CITATION = HEP-EX/0011065;%%"
}

@Article{Brandenburg:2001ze,
     author    = "Brandenburg, G. and others",
 collaboration = "CLEO",
     title     = "{Rate measurement of D0 --> K+ pi- pi0 and constraints on
                  D0 anti-D0  mixing}",
     journal   = "Phys. Rev. Lett.",
     volume    = "87",
     year      = "2001",
     pages     = "071802",
     eprint    = "hep-ex/0105002",
     archivePrefix = "arXiv",
     doi       = "10.1103/PhysRevLett.87.071802",
     SLACcitation  = "%%CITATION = HEP-EX/0105002;%%"
}

@Article{Asner:2003uz,
     author    = "Asner, D. M. and others",
 collaboration = "CLEO",
     title     = "{Search for CP violation in D0 --> K0(S) pi+ pi-}",
     journal   = "Phys. Rev.",
     volume    = "D70",
     year      = "2004",
     pages     = "091101",
     eprint    = "hep-ex/0311033",
     archivePrefix = "arXiv",
     doi       = "10.1103/PhysRevD.70.091101",
     SLACcitation  = "%%CITATION = HEP-EX/0311033;%%"
}


@Article{Link:2005th,
     author    = "Link, J. M. and others",
 collaboration = "FOCUS",
     title     = "{Search for T violation in charm meson decays}",
     journal   = "Phys. Lett.",
     volume    = "B622",
     year      = "2005",
     pages     = "239",
     eprint    = "hep-ex/0506012",
     archivePrefix = "arXiv",
     doi       = "10.1016/j.physletb.2005.07.024",
     SLACcitation  = "%%CITATION = HEP-EX/0506012;%%"
}

@Article{Link:2001zj,
     author    = "Link, J. M. and others",
 collaboration = "FOCUS",
     title     = "{Search for CP violation in the decays D+ --> K(S) pi+ and
                  D+ --> K(S)  K+}",
     journal   = "Phys. Rev. Lett.",
     volume    = "88",
     year      = "2002",
     pages     = "041602; 159903(E)",
     eprint    = "hep-ex/0109022",
     archivePrefix = "arXiv",
     doi       = "10.1103/PhysRevLett.88.041602",
     SLACcitation  = "%%CITATION = HEP-EX/0109022;%%"
}

@Article{Aitala:1996sh,
     author    = "Aitala, E. M. and others",
 collaboration = "E791",
     title     = "{Search for CP violation in charged D meson decays}",
     journal   = "Phys. Lett.",
     volume    = "B403",
     year      = "1997",
     pages     = "377",
     eprint    = "hep-ex/9612005",
     archivePrefix = "arXiv",
     doi       = "10.1016/S0370-2693(97)00565-0",
     SLACcitation  = "%%CITATION = HEP-EX/9612005;%%"
}

@Article{Aubert:2005gj,
     author    = "Aubert, Bernard and others",
 collaboration = "\babar",
     title     = "{A search for CP violation and a measurement of the
                  relative branching  fraction in $D^+ \to K^- K^+ \pi^+$
                  decays}",
     journal   = "Phys. Rev.",
     volume    = "D71",
     year      = "2005",
     pages     = "091101",
     eprint    = "hep-ex/0501075",
     archivePrefix = "arXiv",
     doi       = "10.1103/PhysRevD.71.091101",
     SLACcitation  = "%%CITATION = HEP-EX/0501075;%%"
}

@Article{Onyisi:2013aa,
     author    = "Onyisi, P. U. E. and others",
 collaboration = "CLEO",
     title     = "{Improved Measurement of Absolute Hadronic
     Branching Fractions of the $D_s^+$ Meson}",
     journal   = "Phys. Rev.",
     volume    = "D88",
     year      = "2013",
     pages     = "032009",
     eprint    = "1306.5363",
     archivePrefix = "arXiv",
     primaryClass  =  "hep-ex",
     doi       = "10.1103/PhysRevD.88.032009",
     SLACcitation  = "%%CITATION = 1306.5363;%%"
}

@Article{Aaij:2013ab,
     author    = "Aaij, R. and others",
 collaboration = "LHCb",
     title     = "{Search for CP violation in $D^+ \to \phi \pi^+$ and 
     $D_s^+ \to K_s \pi^+$ decays}",
     journal   = "JHEP",
     volume    = "06",
     year      = "2013",
     pages     = "112",
     eprint    = "1303.4906",
     archivePrefix = "arXiv",
     primaryClass  =  "hep-ex",
     doi       = "10.1007/JHEP06(2013)112",
     SLACcitation  = "%%CITATION = 1303.4906;%%"
}

%----section 5 (Daniele T)--------------------------------------------

@Article{Golowich:1988ig,
     author    = "Golowich, Eugene and Valencia, German",
     title     = "{TRIPLE PRODUCT CORRELATIONS IN SEMILEPTONIC B+- DECAYS}",
     journal   = "Phys. Rev.",
     volume    = "D40",
     year      = "1989",
     pages     = "112",
     doi       = "10.1103/PhysRevD.40.112",
     SLACcitation  = "%%CITATION = PHRVA,D40,112;%%"
}

@Article{Bigi:2001sg,
     author    = "Bigi, Ikaros I. Y.",
     title     = "{Charm physics - like Botticelli in the Sistine Chapel}",
     year      = "2001",
     eprint    = "hep-ph/0107102",
     archivePrefix = "arXiv",
     SLACcitation  = "%%CITATION = HEP-PH/0107102;%%"
}

@Article{Bensalem:2002ys,
     author    = "Bensalem, Wafia and Datta, Alakabha and London, David",
     title     = "{New-physics effects on triple-product correlations in
                  Lambda/b decays}",
     journal   = "Phys. Rev.",
     volume    = "D66",
     year      = "2002",
     pages     = "094004",
     eprint    = "hep-ph/0208054",
     archivePrefix = "arXiv",
     doi       = "10.1103/PhysRevD.66.094004",
     SLACcitation  = "%%CITATION = HEP-PH/0208054;%%"
}

@Article{Bensalem:2000hq,
     author    = "Bensalem, Wafia and London, David",
     title     = "{$T$ odd triple product correlations in hadronic $b$
                  decays}",
     journal   = "Phys. Rev.",
     volume    = "D64",
     year      = "2001",
     pages     = "116003",
     eprint    = "hep-ph/0005018",
     archivePrefix = "arXiv",
     doi       = "10.1103/PhysRevD.64.116003",
     SLACcitation  = "%%CITATION = HEP-PH/0005018;%%"
}

@Article{Bensalem:2002pz,
     author    = "Bensalem, Wafia and Datta, Alakabha and London, David",
     title     = "{T-violating triple-product correlations in charmless
                  Lambda/b decays}",
     journal   = "Phys. Lett.",
     volume    = "B538",
     year      = "2002",
     pages     = "309",
     eprint    = "hep-ph/0205009",
     archivePrefix = "arXiv",
     doi       = "10.1016/S0370-2693(02)02028-2",
     SLACcitation  = "%%CITATION = HEP-PH/0205009;%%"
}

@Article{Sanchez:2010xj,
     author    = "del Amo Sanchez, P. and others",
 collaboration = "\babar",
     title     = "{Search for CP violation using $T$-odd correlations in $D^0
                  \to K^+ K^- \pi^+ \pi^-$ decays}",
     journal   = "Phys. Rev.",
     volume    = "D81",		  
     year      = "2010",
     pages     = "111103",
     eprint    = "1003.3397",
     archivePrefix = "arXiv",
     primaryClass  =  "hep-ex",
     doi           = "10.1103/PhysRevD.81.111103",
     SLACcitation  = "%%CITATION = 1003.3397;%%"
}

@Article{Lees:2011ab,
     author    = "Lees, J.~P. and others",
 collaboration = "\babar",
     title     = "{Search for CP violation using $T$-odd correlations in 
     $D^+\rightarrow K^+K^0_S\pi^+\pi^-$ and 
     $D_s^+\rightarrow K^+ K^0_S\pi^+\pi^-$ decays}",
     journal   = "Phys. Rev.",
     volume    = "D84",
     year      = "2011",
     pages     = "031103",
     eprint    = "1105.4410",
     archivePrefix = "arXiv",
     primaryClass  =  "hep-ex",
     doi       = "10.1103/PhysRevD.84.031103",
     SLACcitation  = "%%CITATION = 1105.4410;%%"
}

@article{Aaij:2014qwa,
      author         = "Aaij, Roel and others",
      title          = "{Search for $CP$ violation using $T$-odd correlations in
                        $D^0 \to K^+K^-\pi^+\pi^-$ decays}",
      collaboration  = "LHCb",
      year           = "2014",
      eprint         = "1408.1299",
      archivePrefix  = "arXiv",
      primaryClass   = "hep-ex",
      reportNumber   = "CERN-PH-EP-2014-194, LHCB-PAPER-2014-046",
      SLACcitation   = "%%CITATION = ARXIV:1408.1299;%%",
}


%----section 6 (Anze Zupanc)--------------------------------------------

@article{Filipuzzi:2012mg,
      author         = "Filipuzzi, A. and Portoles, J. and Gonzalez-Alonso, M.",
      title          = "{U(2)$^5$ flavor symmetry and lepton universality
                        violation in $W \to \tau \nu_{\tau}$}",
      journal        = "Phys. Rev.",
      volume         = "D85",
      pages          = "116010",
      doi            = "10.1103/PhysRevD.85.116010",
      year           = "2012",
      eprint         = "1203.2092",
      archivePrefix  = "arXiv",
      primaryClass   = "hep-ph",
      reportNumber   = "NPAC-12-05, IFIC-11-35, FTUV-11-0903",
      SLACcitation   = "%%CITATION = ARXIV:1203.2092;%%",
}

@article{Ablikim:2013uvu,
      author         = "Ablikim, M. and others",
      title          = "{Precision measurements of $B(D^+ \rightarrow \mu^+
                        \nu_{\mu})$, the pseudoscalar decay constant $f_{D^+}$,
                        and the quark mixing matrix element $|V_{\rm cd}|$}",
      collaboration  = "BESIII",
      journal        = "Phys. Rev.",
      volume         = "D89",
      pages          = "051104",
      doi            = "10.1103/PhysRevD.89.051104",
      year           = "2014",
      eprint         = "1312.0374",
      archivePrefix  = "arXiv",
      primaryClass   = "hep-ex",
      SLACcitation   = "%%CITATION = ARXIV:1312.0374;%%",
}

@article{Heister:2002fp,
      author         = "Heister, A. and others",
      title          = "{Leptonic decays of the D(s) meson}",
      collaboration  = "ALEPH",
      journal        = "Phys. Lett.",
      volume         = "B528",
      pages          = "1-18",
      year           = "2002",
      eprint         = "hep-ex/0201024",
      archivePrefix  = "arXiv",
      primaryClass   = "hep-ex",
      reportNumber   = "CERN-EP-2002-001",
      SLACcitation   = "%%CITATION = HEP-EX/0201024;%%",
}


@article{Alexandrov:2000ns,
      author         = "Alexandrov, Yu. and others",
      title          = "{Measurement of the D(s) ---&gt; muon neutrino(muon)
                        branching fraction and of the D(s) decay constant}",
      collaboration  = "BEATRICE",
      journal        = "Phys. Lett.",
      volume         = "B478",
      pages          = "31-38",
      doi            = "10.1016/S0370-2693(00)00266-5",
      year           = "2000",
      reportNumber   = "CERN-EP-2000-014",
      SLACcitation   = "%%CITATION = PHLTA,B478,31;%%",
}

@article{Abbiendi:2001nb,
      author         = "Abbiendi, G. and others",
      title          = "{Measurement of the branching ratio for D(s)- ---&gt;
                        tau- anti-nu(tau) decays}",
      collaboration  = "OPAL",
      journal        = "Phys. Lett.",
      volume         = "B516",
      pages          = "236-248",
      year           = "2001",
      eprint         = "hep-ex/0103012",
      archivePrefix  = "arXiv",
      primaryClass   = "hep-ex",
      reportNumber   = "CERN-EP-2001-019",
      SLACcitation   = "%%CITATION = HEP-EX/0103012;%%",
}

@article{Acciarri:1996bv,
      author         = "Acciarri, M. and others",
      title          = "{Measurement of D(s)- ---&gt; tau- anti-tau-neutrino and
                        a new limit for B- ---&gt; tau- anti-tau-neutrino}",
      collaboration  = "L3",
      journal        = "Phys. Lett.",
      volume         = "B396",
      pages          = "327-337",
      year           = "1997",
      reportNumber   = "CERN-PPE-96-198",
      SLACcitation   = "%%CITATION = PHLTA,B396,327;%%",
}


@article{Alexander:2009ux,
      author         = "Alexander, J.P. and others",
      title          = "{Measurement of $B{D_s^+ \to \ell^+ \nu}$ and the Decay
                        Constant $fD_s^+$ From 600 $/pb^{-1}$ of $e^\pm$
                        Annihilation Data Near 4170 MeV}",
      collaboration  = "CLEO",
      journal        = "Phys. Rev.",
      volume         = "D79",
      pages          = "052001",
      doi            = "10.1103/PhysRevD.79.052001",
      year           = "2009",
      eprint         = "0901.1216",
      archivePrefix  = "arXiv",
      primaryClass   = "hep-ex",
      reportNumber   = "CLNS-08-2044, CLEO-08-26",
      SLACcitation   = "%%CITATION = ARXIV:0901.1216;%%",
}


@article{delAmoSanchez:2010jg,
      author         = "del Amo Sanchez, P. and others",
      title          = "{Measurement of the Absolute Branching Fractions for
                        $D^-_s\!\rightarrow\!\ell^-\bar{\nu}_{\ell}$ and
                        Extraction of the Decay Constant $f_{D_s}$}",
      collaboration  = "\babar",
      journal        = "Phys. Rev.",
      volume         = "D82",
      pages          = "091103",
      doi            = "10.1103/PhysRevD.82.091103",
      year           = "2010",
      eprint         = "1008.4080",
      archivePrefix  = "arXiv",
      primaryClass   = "hep-ex",
      reportNumber   = "SLAC-PUB-14229, BABAR-CONF-10-024",
      SLACcitation   = "%%CITATION = ARXIV:1008.4080;%%",
}

@article{Zupanc:2013byn,
      author         = "Zupanc, A. and others",
      title          = "{Measurements of branching fractions of leptonic and
                        hadronic $D_{s}^{+}$ meson decays and extraction of the
                        $D_{s}^{+}$ meson decay constant}",
      collaboration  = "Belle",
      journal        = "JHEP",
      volume         = "1309",
      pages          = "139",
      doi            = "10.1007/JHEP09(2013)139",
      year           = "2013",
      eprint         = "1307.6240",
      archivePrefix  = "arXiv",
      primaryClass   = "hep-ex",
      reportNumber   = "BELLE-PREPRINT-2013-15, KEK-PREPRINT-2013-25",
      SLACcitation   = "%%CITATION = ARXIV:1307.6240;%%",
}

@article{Onyisi:2009th,
      author         = "Onyisi, P.U.E. and others",
      title          = "{Improved Measurement of Absolute Branching Fraction of
                        D(s)+ ---&gt; tau+ nu(tau)}",
      collaboration  = "CLEO",
      journal        = "Phys. Rev.",
      volume         = "D79",
      pages          = "052002",
      doi            = "10.1103/PhysRevD.79.052002",
      year           = "2009",
      eprint         = "0901.1147",
      archivePrefix  = "arXiv",
      primaryClass   = "hep-ex",
      reportNumber   = "CLNS-08-2043, CLEO-08-25",
      SLACcitation   = "%%CITATION = ARXIV:0901.1147;%%",
}

@article{Naik:2009tk,
      author         = "Naik, P. and others",
      title          = "{Measurement of the Pseudoscalar Decay Constant f(D(s))
                        Using D(s)+ ---&gt; tau+ nu, tau+ ---&gt; rho+ anti-nu
                        Decays}",
      collaboration  = "CLEO",
      journal        = "Phys. Rev.",
      volume         = "D80",
      pages          = "112004",
      year           = "2009",
      eprint         = "0910.3602",
      archivePrefix  = "arXiv",
      primaryClass   = "hep-ex",
      reportNumber   = "CLNS-09-2061, CLEO-09-14",
      SLACcitation   = "%%CITATION = ARXIV:0910.3602;%%",
      doi            = "10.1103/PhysRevD.80.112004",
}


@article{Lees:2010qj,
      author         = "Lees, J.~P. and others",
      title          = "{Measurement of the Branching Fraction for
                        $D^+_s\to\tau^{+}\nu_{\tau}$ and Extraction of the Decay
                        Constant f_{D_s}}",
      collaboration  = "\babar",
      year           = "2010",
      eprint         = "1003.3063",
      archivePrefix  = "arXiv",
      primaryClass   = "hep-ex",
      reportNumber   = "SLAC-PUB-14015, BABAR-PUB-09-035",
      SLACcitation   = "%%CITATION = ARXIV:1003.3063;%%",
}

@article{Onyisi:2013bjt,
      author         = "Onyisi, P.U.E. and others",
      title          = "{Improved Measurement of Absolute Hadronic Branching
                        Fractions of the $D_s^+$ Meson}",
      collaboration  = "CLEO",
      journal        = "Phys. Rev.",
      volume         = "D88",
      pages          = "032009",
      doi            = "10.1103/PhysRevD.88.032009",
      year           = "2013",
      eprint         = "1306.5363",
      archivePrefix  = "arXiv",
      primaryClass   = "hep-ex",
      reportNumber   = "CLNS-13-2086, CLEO-13-01",
      SLACcitation   = "%%CITATION = ARXIV:1306.5363;%%",
}

%----section 7 (Paras Naik, 2-body hadronic D0 decays)-------------------

% -- Amhis:2012bh duplicate from Summer14.bib

@article{Bonvicini:2013vxi,
      author         = "Bonvicini, G. and others",
      title          = "{Updated measurements of absolute $D^+$ and $D^0$
                        hadronic branching fractions and $\sigma(e^+e^-\to
                        D\overline{D})$ at $E_\mathrm{cm} = 3774$ MeV}",
      collaboration  = "CLEO",
      journal        = "Phys. Rev.",
      volume         = "D89",
      pages          = "072002",
      doi            = "10.1103/PhysRevD.89.072002",
      year           = "2014",
      eprint         = "1312.6775",
      archivePrefix  = "arXiv",
      primaryClass   = "hep-ex",
      reportNumber   = "CLNS-13-2087, CLEO-13-02",
      SLACcitation   = "%%CITATION = ARXIV:1312.6775;%%",
}

@article{Mendez:2009aa,
      author         = "Mendez, H. and others",
      title          = "{Measurements of D Meson Decays to Two Pseudoscalar
                        Mesons}",
      collaboration  = "CLEO",
      journal        = "Phys. Rev.",
      volume         = "D81",
      pages          = "052013",
      doi            = "10.1103/PhysRevD.81.052013",
      year           = "2010",
      eprint         = "0906.3198",
      archivePrefix  = "arXiv",
      primaryClass   = "hep-ex",
      reportNumber   = "CLNS-09-2054, CLEO-09-07",
      SLACcitation   = "%%CITATION = ARXIV:0906.3198;%%",
}

@Article{Barberio:1990ms,
     author    = "Barberio, Elisabetta and van Eijk, Bob and Was, Zbigniew",
     title     = "{PHOTOS: A Universal Monte Carlo for QED radiative
                  corrections in decays}",
     journal   = "Comput. Phys. Commun.",
     volume    = "66",
     year      = "1991",
     pages     = "115-128",
     doi       = "10.1016/0010-4655(91)90012-A",
     SLACcitation  = "%%CITATION = CPHCB,66,115;%%"
}

@Article{Barberio:1993qi,
     author    = "Barberio, Elisabetta and Was, Zbigniew",
     title     = "{PHOTOS: A Universal Monte Carlo for QED radiative
                  corrections. Version 2.0}",
     journal   = "Comput. Phys. Commun.",
     volume    = "79",
     year      = "1994",
     pages     = "291-308",
     doi       = "10.1016/0010-4655(94)90074-4",
     SLACcitation  = "%%CITATION = CPHCB,79,291;%%"
}

@Article{Golonka:2005pn,
     author    = "Golonka, Piotr and Was, Zbigniew",
     title     = "{PHOTOS Monte Carlo: A Precision tool for QED corrections
                  in $Z$ and $W$ decays}",
     journal   = "Eur. Phys. J.",
     volume    = "C45",
     year      = "2006",
     pages     = "97-107",
     eprint    = "hep-ph/0506026",
     archivePrefix = "arXiv",
     doi       = "10.1140/epjc/s2005-02396-4",
     SLACcitation  = "%%CITATION = HEP-PH/0506026;%%"
}

@Article{Golonka:2006tw,
     author    = "Golonka, P. and Was, Z.",
     title     = "{Next to Leading Logarithms and the PHOTOS Monte Carlo}",
     journal   = "Eur. Phys. J.",
     volume    = "C50",
     year      = "2007",
     pages     = "53-62",
     eprint    = "hep-ph/0604232",
     archivePrefix = "arXiv",
     doi       = "10.1140/epjc/s10052-006-0205-3",
     SLACcitation  = "%%CITATION = HEP-PH/0604232;%%"
}

@Article{Link:2002hi,
     author    = "Link, J. M. and others",
 collaboration = "FOCUS",
     title     = "{Study of the Cabibbo-suppressed decay modes D0 --> pi- pi+
                  and D0 --> K- K+}",
     journal   = "Phys. Lett.",
     volume    = "B555",
     year      = "2003",
     pages     = "167-173",
     eprint    = "hep-ex/0212058",
     archivePrefix = "arXiv",
     doi       = "10.1016/S0370-2693(03)00053-4",
     SLACcitation  = "%%CITATION = HEP-EX/0212058;%%"
}

@Article{Ryd:2005zz,
     author    = "Ryd, Anders and others",
     title     = "{{EvtGen}: A Monte Carlo Generator for $B$-Physics}",
     year      = "2005",
     note      = "EVTGEN-V00-11-07"
}


@Article{Aubert:2007wn,
     author    = "Aubert, Bernard and others",
 collaboration = "\babar",
     title     = "{Measurement of the absolute branching fraction of $D^0 \to
                  K^{-} \pi^{+}$}",
     journal   = "Phys. Rev. Lett.",
     volume    = "100",
     year      = "2008",
     pages     = "051802",
     eprint    = "0704.2080",
     archivePrefix = "arXiv",
     primaryClass  =  "hep-ex",
     doi       = "10.1103/PhysRevLett.100.051802",
     SLACcitation  = "%%CITATION = 0704.2080;%%"
}

@Article{Artuso:1997mc,
     author    = "Artuso, M. and others",
 collaboration = "CLEO",
     title     = "{Measurement of Br(D0 --> K- pi+) using partial
                  reconstruction of  anti-B --> D*+ X l- anti-nu}",
     journal   = "Phys. Rev. Lett.",
     volume    = "80",
     year      = "1998",
     pages     = "3193-3197",
     eprint    = "hep-ex/9712023",
     archivePrefix = "arXiv",
     doi       = "10.1103/PhysRevLett.80.3193",
     SLACcitation  = "%%CITATION = HEP-EX/9712023;%%"
}

@Article{Barate:1997mm,
     author    = "Barate, R. and others",
 collaboration = "ALEPH",
     title     = "{Measurement of the branching fraction for D0 --> K- pi+}",
     journal   = "Phys. Lett.",
     volume    = "B403",
     year      = "1997",
     pages     = "367-376",
     doi       = "10.1016/S0370-2693(97)00585-6",
     SLACcitation  = "%%CITATION = PHLTA,B403,367;%%"
}

@Article{Albrecht:1994nb,
     author    = "Albrecht, H. and others",
 collaboration = "ARGUS",
     title     = "{Measurement of the absolute branching fractions for D0
                  decays into K- pi+, K- pi+ pi+ pi-, anti-K0 pi+ pi-}",
     journal   = "Phys. Lett.",
     volume    = "B340",
     year      = "1994",
     pages     = "125-128",
     doi       = "10.1016/0370-2693(94)91308-0",
     SLACcitation  = "%%CITATION = PHLTA,B340,125;%%"
}

@Article{Akerib:1993pm,
     author    = "Akerib, D. S. and others",
 collaboration = "CLEO",
     title     = "{Measurement of the absolute branching fraction for D0
                  $\to$ K- pi+}",
     journal   = "Phys. Rev. Lett.",
     volume    = "71",
     year      = "1993",
     pages     = "3070-3074",
     doi       = "10.1103/PhysRevLett.71.3070",
     SLACcitation  = "%%CITATION = PRLTA,71,3070;%%"
}

@Article{Decamp:1991jw,
     author    = "Decamp, D. and others",
 collaboration = "ALEPH",
     title     = "{Production and decay of charmed mesons at the Z
                  resonance}",
     journal   = "Phys. Lett.",
     volume    = "B266",
     year      = "1991",
     pages     = "218-230",
     doi       = "10.1016/0370-2693(91)90769-M",
     SLACcitation  = "%%CITATION = PHLTA,B266,218;%%"
}

@Article{Rubin:2005py,
     author    = "Rubin, P. and others",
 collaboration = "CLEO",
     title     = "{New measurements of Cabibbo-suppressed decays of D mesons
                  in Rochester  U. - CLEO-c}",
     journal   = "Phys. Rev. Lett.",
     volume    = "96",
     year      = "2006",
     pages     = "081802",
     eprint    = "hep-ex/0512063",
     archivePrefix = "arXiv",
     doi       = "10.1103/PhysRevLett.96.081802",
     SLACcitation  = "%%CITATION = HEP-EX/0512063;%%"
}


@Article{Bonvicini:2008nr,
     author    = "Bonvicini, G. and others",
 collaboration = "CLEO",
     title     = "{Absolute Branching Fractions of Cabibbo-Suppressed D --> K
                  Kbar Decays}",
     journal   = "Phys. Rev.",
     volume    = "D77",
     year      = "2008",
     pages     = "091106",
     eprint    = "0803.0793",
     archivePrefix = "arXiv",
     primaryClass  =  "hep-ex",
     doi       = "10.1103/PhysRevD.77.091106",
     SLACcitation  = "%%CITATION = 0803.0793;%%"
}

% TJG remove self-citation (charm_hh_webpage)

@Article{Coan:1997ye,
     author    = "Coan, T. E. and others",
 collaboration = "CLEO",
     title     = "{Flavor-specific inclusive B decays to charm}",
     journal   = "Phys. Rev. Lett.",
     volume    = "80",
     year      = "1998",
     pages     = "1150-1155",
     eprint    = "hep-ex/9710028",
     archivePrefix = "arXiv",
     doi       = "10.1103/PhysRevLett.80.1150",
     SLACcitation  = "%%CITATION = HEP-EX/9710028;%%"
}

%----section 8 (Marco Gersabeck, direct CPV) ----

@article{Gersabeck:2011xj,
      author         = "Gersabeck, M. and Alexander, M. and Borghi, S. and Gligorov, V.V. and Parkes, C.",
      title          = "{On the interplay of direct and indirect CP violation in the charm sector}",
      journal        = "J. Phys.",
      volume         = "G39",
      pages          = "045005",
      doi            = "10.1088/0954-3899/39/4/045005",
      year           = "2012",
      eprint         = "1111.6515",
      archivePrefix  = "arXiv",
      primaryClass   = "hep-ex",
      SLACcitation   = "%%CITATION = ARXIV:1111.6515;%%",
}

@article{Grossman:2006jg,
      author         = "Grossman, Yuval and Kagan, Alexander L. and Nir, Yosef",
      title          = "{New physics and CP violation in singly Cabibbo	suppressed D decays}",
      journal        = "Phys. Rev.",
      volume         = "D75",
      pages          = "036008",
      doi            = "10.1103/PhysRevD.75.036008",
      year           = "2007",
      eprint         = "hep-ph/0609178",
      archivePrefix  = "arXiv",
      primaryClass   = "hep-ph",
      SLACcitation   = "%%CITATION = HEP-PH/0609178;%%",
}

%----section 9 (Ruslan Chistov, baryons) ----


@article{Aaltonen:2011sf,
      author         = "Aaltonen, T. and others",
      title          = "{Measurements of the properties of $\Lambda_c(2595)$,
                        $\Lambda_c(2625)$, $\Sigma_c(2455)$, and $\Sigma_c(2520)$
                        baryons}",
      collaboration  = "CDF",
      journal        = "Phys. Rev.",
      volume         = "D84",
      pages          = "012003",
      year           = "2011",
      eprint         = "1105.5995",
      archivePrefix  = "arXiv",
      primaryClass   = "hep-ex",
      reportNumber   = "FERMILAB-PUB-11-237-E-PPD",
      SLACcitation   = "%%CITATION = ARXIV:1105.5995;%%",
} 

@article{Artuso:2000xy,
      author         = "Artuso, M. and others",
      title          = "{Observation of new states decaying into Lambda+(c) pi-
                        pi+}",
      collaboration  = "CLEO",
      journal        = "Phys. Rev. Lett.",
      volume         = "86",
      pages          = "4479-4482",
      doi            = "10.1103/PhysRevLett.86.4479",
      year           = "2001",
      eprint         = "hep-ex/0010080",
      archivePrefix  = "arXiv",
      primaryClass   = "hep-ex",
      reportNumber   = "SLAC-REPRINT-2000-059, CLNS-00-1698, CLEO-00-22",
      SLACcitation   = "%%CITATION = HEP-EX/0010080;%%",
}

@article{Aubert:2006sp,
      author         = "Aubert, Bernard and others",
      title          = "{Observation of a charmed baryon decaying to D0p at a
                        mass near 2.94-GeV/c**2}",
      collaboration  = "\babar",
      journal        = "Phys. Rev. Lett.",
      volume         = "98",
      pages          = "012001",
      doi            = "10.1103/PhysRevLett.98.012001",
      year           = "2007",
      eprint         = "hep-ex/0603052",
      archivePrefix  = "arXiv",
      primaryClass   = "hep-ex",
      reportNumber   = "SLAC-PUB-11786, BABAR-PUB-06-019",
      SLACcitation   = "%%CITATION = HEP-EX/0603052;%%",
}

% TJG moved Isgur:1991wq to EndOfYear11.bib

@article{Cheng:2006dk,
      author         = "Cheng, Hai-Yang and Chua, Chun-Khiang",
      title          = "{Strong Decays of Charmed Baryons in Heavy Hadron Chiral
                        Perturbation Theory}",
      journal        = "Phys. Rev.",
      volume         = "D75",
      pages          = "014006",
      doi            = "10.1103/PhysRevD.75.014006",
      year           = "2007",
      eprint         = "hep-ph/0610283",
      archivePrefix  = "arXiv",
      primaryClass   = "hep-ph",
      SLACcitation   = "%%CITATION = HEP-PH/0610283;%%",
}


@article{SHLee:2014,
      author         = "Lee, S.-H. and others",
      title          = "{Measurements of the masses and widths of the 
                        Sigma0/++(c)(2455) and Sigma0/++(c)(2520) baryons}",
      collaboration  = "Belle",
      journal        = "Phys. Rev.",
      volume         = "D89",
      pages          = "091102(R)",
      doi            = "10.1103/PhysRevD.89.091102",
      year           = "2014",
      eprint         = "1404.2412",
      archivePrefix  = "arXiv",
      primaryClass   = "hep-ex",
      reportNumber   = "BELLE-PREPRINT-2014-6, KEK-PREPRINT-2013-67",
      SLACcitation   = "%%CITATION = ARXIV:1404.2412;%%",
}

@article{Mizuk:2004yu,
      author         = "Mizuk, R. and others",
      title          = "{Observation of an isotriplet of excited charmed baryons
                        decaying to Lambda+(c) pi}",
      collaboration  = "Belle",
      journal        = "Phys. Rev. Lett.",
      volume         = "94",
      pages          = "122002",
      doi            = "10.1103/PhysRevLett.94.122002",
      year           = "2005",
      eprint         = "hep-ex/0412069",
      archivePrefix  = "arXiv",
      primaryClass   = "hep-ex",
      reportNumber   = "BELLE-PREPRINT-2004-36, KEK-PREPRINT-2004-74",
      SLACcitation   = "%%CITATION = HEP-EX/0412069;%%",
}

@article{Copley:1979wj,
      author         = "Copley, L.A. and Isgur, Nathan and Karl, Gabriel",
      title          = "{Charmed Baryons in a Quark Model with Hyperfine
                        Interactions}",
      journal        = "Phys. Rev.",
      volume         = "D20",
      pages          = "768",
      doi            = "10.1103/PhysRevD.20.768, 10.1103/PhysRevD.23.817",
      year           = "1979",
      reportNumber   = "Print-79-0220 (TORONTO)",
      SLACcitation   = "%%CITATION = PHRVA,D20,768;%%",
}

@article{Pirjol:1997nh,
      author         = "Pirjol, Dan and Yan, Tung-Mow",
      title          = "{Predictions for s wave and p wave heavy baryons from sum
                        rules and constituent quark model. 1. Strong
                        interactions}",
      journal        = "Phys. Rev.",
      volume         = "D56",
      pages          = "5483-5510",
      doi            = "10.1103/PhysRevD.56.5483",
      year           = "1997",
      eprint         = "hep-ph/9701291",
      archivePrefix  = "arXiv",
      primaryClass   = "hep-ph",
      reportNumber   = "CNLS-97-1457, TECHNION-PH-97-01",
      SLACcitation   = "%%CITATION = HEP-PH/9701291;%%",
}

@article{YKato:2014,
      author         = "Kato, Y. and others",
      title          = "{Search for doubly charmed baryons and
                        study of charmed strange baryons at Belle}",
      collaboration  = "Belle",
      journal        = "Phys. Rev.",
      volume         = "D89",
      pages          = "052003",
      doi            = "10.1103/PhysRevD.89.052003",
      year           = "2014",
      eprint         = "1312.1026",
      archivePrefix  = "arXiv",
      primaryClass   = "hep-ex",
      SLACcitation   = "%%CITATION = ARXIV:1312.1026;%%",
}


@article{Chistov:2006zj,
      author         = "Chistov, R. and others",
      title          = "{Observation of new states decaying into Lambda(c)+ K-
                        pi+ and Lambda(c)+ K0(S) pi-}",
      collaboration  = "Belle",
      journal        = "Phys. Rev. Lett.",
      volume         = "97",
      pages          = "162001",
      doi            = "10.1103/PhysRevLett.97.162001",
      year           = "2006",
      eprint         = "hep-ex/0606051",
      archivePrefix  = "arXiv",
      primaryClass   = "hep-ex",
      SLACcitation   = "%%CITATION = HEP-EX/0606051;%%",
}

@article{Aubert:2008cb,
      author         = "Aubert, Bernard and others",
      title          = "{A Study of anti-B-->Xi(c) anti-Lambda-(c) and 
                        anti-B-->anti-Lambda+(c) anti-Lambda-(c) anti-K 
                        decays at BABAR}",
      collaboration  = "\babar",
      journal        = "Phys. Rev.",
      volume         = "D77",
      pages          = "031101",
      doi            = "10.1103/PhysRevD.77.031101",
      year           = "2008",
      eprint         = "0710.5775",
      archivePrefix  = "arXiv",
      primaryClass   = "hep-ex",
      reportNumber   = "BABAR-PUB-07-053, SLAC-PUB-12938",
      SLACcitation   = "%%CITATION = ARXIV:0710.5775;%%",
}


@article{Aubert:2007dt,
      author         = "Aubert, Bernard and others",
      title          = "{A Study of Excited Charm-Strange Baryons with Evidence
                        for new Baryons Xi(c)(3055)+ and Xi(c)(3123)+}",
      collaboration  = "\babar",
      journal        = "Phys. Rev.",
      volume         = "D77",
      pages          = "012002",
      doi            = "10.1103/PhysRevD.77.012002",
      year           = "2008",
      eprint         = "0710.5763",
      archivePrefix  = "arXiv",
      primaryClass   = "hep-ex",
      reportNumber   = "BABAR-PUB-07-042, SLAC-PUB-12935",
      SLACcitation   = "%%CITATION = ARXIV:0710.5763;%%",
}

@article{Aubert:2006je,
      author         = "Aubert, Bernard and others",
      title          = "{Observation of an excited charm baryon Omega(C)*
                        decaying to Omega(C)0 gamma}",
      collaboration  = "\babar",
      journal        = "Phys. Rev. Lett.",
      volume         = "97",
      pages          = "232001",
      doi            = "10.1103/PhysRevLett.97.232001",
      year           = "2006",
      eprint         = "hep-ex/0608055",
      archivePrefix  = "arXiv",
      primaryClass   = "hep-ex",
      reportNumber   = "SLAC-PUB-12075, BABAR-PUB-06-055",
      SLACcitation   = "%%CITATION = HEP-EX/0608055;%%",
}

@article{Solovieva:2008fw,
      author         = "Solovieva, E. and others",
      title          = "{Study of \Omega_c^0 and \Omega_c^{*0} Baryons at Belle}",
      collaboration  = "Belle",
      journal        = "Phys. Lett.",
      volume         = "B672",
      pages          = "1-5",
      doi            = "10.1016/j.physletb.2008.12.062",
      year           = "2009",
      eprint         = "0808.3677",
      archivePrefix  = "arXiv",
      primaryClass   = "hep-ex",
      reportNumber   = "BELLE-CONF-0851",
      SLACcitation   = "%%CITATION = ARXIV:0808.3677;%%",
}

@article{Rosner:1995yu,
      author         = "Rosner, Jonathan L.",
      title          = "{Charmed baryons with J = 3/2}",
      journal        = "Phys. Rev.",
      volume         = "D52",
      pages          = "6461-6465",
      doi            = "10.1103/PhysRevD.52.6461",
      year           = "1995",
      eprint         = "hep-ph/9508252",
      archivePrefix  = "arXiv",
      primaryClass   = "hep-ph",
      reportNumber   = "DOE-ER-40561-218, INT-95-17-05, EFI-95-48",
      SLACcitation   = "%%CITATION = HEP-PH/9508252;%%",
}

@article{Glozman:1995xy,
      author         = "Glozman, L. Ya. and Riska, D.O.",
      title          = "{The Charm and bottom hyperons and chiral dynamics}",
      journal        = "Nucl. Phys.",
      volume         = "A603",
      pages          = "326-344",
      year           = "1996",
      eprint         = "hep-ph/9509269",
      archivePrefix  = "arXiv",
      primaryClass   = "hep-ph",
      reportNumber   = "HU-TFT-95-53",
      SLACcitation   = "%%CITATION = HEP-PH/9509269;%%",
}

@article{Jenkins:1996de,
      author         = "Jenkins, Elizabeth Ellen",
      title          = "{Heavy baryon masses in the 1/m(Q) and 1/N(c)
                        expansions}",
      journal        = "Phys. Rev.",
      volume         = "D54",
      pages          = "4515-4531",
      doi            = "10.1103/PhysRevD.54.4515",
      year           = "1996",
      eprint         = "hep-ph/9603449",
      archivePrefix  = "arXiv",
      primaryClass   = "hep-ph",
      reportNumber   = "UCSD-PTH-96-08",
      SLACcitation   = "%%CITATION = HEP-PH/9603449;%%",
}

@article{Burakovsky:1997vm,
      author         = "Burakovsky, L. and Goldman, J. Terrance and Horwitz,
                        L.P.",
      title          = "{New quadratic baryon mass relations}",
      journal        = "Phys. Rev.",
      volume         = "D56",
      pages          = "7124-7132",
      doi            = "10.1103/PhysRevD.56.7124",
      year           = "1997",
      eprint         = "hep-ph/9706464",
      archivePrefix  = "arXiv",
      primaryClass   = "hep-ph",
      reportNumber   = "LA-UR-97-2333",
      SLACcitation   = "%%CITATION = HEP-PH/9706464;%%",
}


%----section 10 (Marco Gersabeck, rare decays) ----

%TJG fixed reference 14/5/2012
@Unpublished{LHCb-CONF-2012-005,
      title        = "Search for the $D^0 \to \mu^+ \mu^-$ decay with 0.9
                            $\rm{fb}^{−1}$ at LHCb",
      year         = "2012",
      note         = "LHCb-CONF-2012-005",
      url          = "{https://cdsweb.cern.ch/record/1426268?ln=en}",
}

@article{Abt:2004hn,
     author         = "Abt, I. and others",
     title          = "{Search for the flavor changing neutral current decay D0 ---&gt; mu+ mu- with the HERA-B detector}",
     collaboration  = "HERA-B",
     journal        = "Phys. Lett.",
     volume         = "B596",
     pages          = "173-183",
     doi            = "10.1016/j.physletb.2004.06.097",
     year           = "2004",
     eprint         = "hep-ex/0405059",
     archivePrefix  = "arXiv",
     primaryClass   = "hep-ex",
     reportNumber   = "DESY-04-086",
     SLACcitation   = "%%CITATION = HEP-EX/0405059;%%",
}

@article{Aaltonen:2010hz,
     author         = "Aaltonen, T. and others",
     title          = "{Updated Search for the Flavor-Changing Neutral-Current Decay $D^0 \to \mu^+ \mu^-$}",
     collaboration  = "CDF",
     journal        = "Phys. Rev.",
     volume         = "D82",
     pages          = "091105",
     doi            = "10.1103/PhysRevD.82.091105",
     year           = "2010",
     eprint         = "1008.5077",
     archivePrefix  = "arXiv",
     primaryClass   = "hep-ex",
     reportNumber   = "FERMILAB-PUB-10-337-E",
     SLACcitation   = "%%CITATION = ARXIV:1008.5077;%%",
}

@article{Aubert:2004bs,
     author         = "Aubert, Bernard and others",
     title          = "{Search for flavor-changing neutral current and lepton flavor violating decays of $D^0 \to \ell^+ \ell^-$}",
     collaboration  = "\babar",
     journal        = "Phys. Rev. Lett.",
     volume         = "93",
     pages          = "191801",
     doi            = "10.1103/PhysRevLett.93.191801",
     year           = "2004",
     eprint         = "hep-ex/0408023",
     archivePrefix  = "arXiv",
     primaryClass   = "hep-ex",
     reportNumber   = "SLAC-PUB-10594, BABAR-PUB-04-027",
     SLACcitation   = "%%CITATION = HEP-EX/0408023;%%",
}

@article{Adler:1987cp,
     author         = "Adler, J. and others",
     title          = "{A Search for the Decay D0 ---&gt; e+ e-}",
     collaboration  = "MARK-III",
     journal        = "Phys. Rev.",
     volume         = "D37",
     pages          = "2023",
     doi            = "10.1103/PhysRevD.37.2023",
     year           = "1988",
     reportNumber   = "SLAC-PUB-4438",
     note           = "erratum ibid {\bf D40}, 3788, (1989)",
     SLACcitation   = "%%CITATION = PHRVA,D37,2023;%%",
}

@article{Adler:1988es,
     author         = "Adler, J. and others",
     title          = "{A SEARCH FOR THE DECAY D0 ---&gt; anti-K0 e+ e-}",
     collaboration  = "MARK-III",
     journal        = "Phys. Rev.",
     volume         = "D40",
     pages          = "906",
     doi            = "10.1103/PhysRevD.40.906",
     year           = "1989",
     reportNumber   = "SLAC-PUB-4671, C88/08/04",
     SLACcitation   = "%%CITATION = PHRVA,D40,906;%%",
}

@article{Becker:1987mu,
     author         = "Becker, J. and others",
     title          = "{A SEARCH FOR THE LEPTON FAMILY NUMBER VIOLATING DECAY D0 ---&gt; mu e}",
     collaboration  = "MARK-III",
     journal        = "Phys. Lett.",
     volume         = "B193",
     pages          = "147",
     doi            = "10.1016/0370-2693(87)90473-4, 10.1016/0370-2693(87)90473-4",
     year           = "1987",
     reportNumber   = "SLAC-PUB-4194",
     SLACcitation   = "%%CITATION = PHLTA,B193,147;%%",
}

@article{Albrecht:1988ge,
     author         = "Albrecht, H. and others",
     title          = "{SEARCH FOR D0 DECAYS INTO LEPTON PAIRS}",
     collaboration  = "ARGUS",
     journal        = "Phys. Lett.",
     volume         = "B209",
     pages          = "380",
     doi            = "10.1016/0370-2693(88)90967-7",
     year           = "1988",
     reportNumber   = "DESY 88/053",
     SLACcitation   = "%%CITATION = PHLTA,B209,380;%%",
}

@article{Haas:1988bh,
     author         = "Haas, P. and others",
     title          = "{UPPER LIMITS ON CHARM CHANGING NEUTRAL CURRENT INTERACTIONS}",
     collaboration  = "CLEO",
     journal        = "Phys. Rev. Lett.",
     volume         = "60",
     pages          = "1614",
     doi            = "10.1103/PhysRevLett.60.1614",
     year           = "1988",
     reportNumber   = "CLNS-87/111, CLEO-87-10",
     SLACcitation   = "%%CITATION = PRLTA,60,1614;%%",
}

@article{Rubin:2009aa,
     author         = "Rubin, P. and others",
     title          = "{Search for D0 ---&gt; anti-p e+ and D0 ---&gt; p e-}",
     collaboration  = "CLEO",
     journal        = "Phys. Rev.",
     volume         = "D79",
     pages          = "097101",
     doi            = "10.1103/PhysRevD.79.097101",
     year           = "2009",
     eprint         = "0904.1619",
     archivePrefix  = "arXiv",
     primaryClass   = "hep-ex",
     reportNumber   = "CLNS-08-2046, CBX-08-28, CLEO-08-28",
     SLACcitation   = "%%CITATION = ARXIV:0904.1619;%%",
}

@article{Coan:2002te,
     author         = "Coan, T.E. and others",
     title          = "{First search for the flavor changing neutral current decay D0 ---&gt; gamma gamma}",
     collaboration  = "CLEO",
     journal        = "Phys. Rev. Lett.",
     volume         = "90",
     pages          = "101801",
     doi            = "10.1103/PhysRevLett.90.101801",
     year           = "2003",
     eprint         = "hep-ex/0212045",
     archivePrefix  = "arXiv",
     primaryClass   = "hep-ex",
     reportNumber   = "CLNS-02-1806, CLEO-02-15",
     SLACcitation   = "%%CITATION = HEP-EX/0212045;%%",
}

@article{Freyberger:1996it,
     author         = "Freyberger, A. and others",
     title          = "{Limits on flavor changing neutral currents in D0 meson decays}",
     collaboration  = "CLEO",
     journal        = "Phys. Rev. Lett.",
     volume         = "76",
     pages          = "3065-3069",
     doi            = "10.1103/PhysRevLett.76.3065, 10.1103/PhysRevLett.76.3065",
     year           = "1996",
     reportNumber   = "CLNS-96-1389, CLEO-96-1, SLAC-PUB-9944",
     SLACcitation   = "%%CITATION = PRLTA,76,3065;%%",
}

@article{Kodama:1995ia,
     author         = "Kodama, K. and others",
     title          = "{Upper limits of charm hadron decays to two muons plus hadrons}",
     collaboration  = "E653",
     journal        = "Phys. Lett.",
     volume         = "B345",
     pages          = "85-92",
     doi            = "10.1016/0370-2693(94)01610-O",
     year           = "1995",
     SLACcitation   = "%%CITATION = PHLTA,B345,85;%%",
}

@article{Pripstein:1999tq,
     author         = "Pripstein, D. and others",
     title          = "{Search for flavor changing neutral currents and lepton family number violation in two-body D0 decays}",
     collaboration  = "E789",
     journal        = "Phys. Rev.",
     volume         = "D61",
     pages          = "032005",
     doi            = "10.1103/PhysRevD.61.032005",
     year           = "2000",
     eprint         = "hep-ex/9906022",
     archivePrefix  = "arXiv",
     primaryClass   = "hep-ex",
     reportNumber   = "LBNL-43414, FERMILAB-PUB-99-152-E, LA-UR-99-2892, LBL-43414",
     SLACcitation   = "%%CITATION = HEP-EX/9906022;%%",
}

@article{Aitala:1999db,
     author         = "Aitala, E.M. and others",
     title          = "{Search for rare and forbidden dilepton decays of the D+, D+(s), and D0 charmed mesons}",
     collaboration  = "E791",
     journal        = "Phys. Lett.",
     volume         = "B462",
     pages          = "401-409",
     doi            = "10.1016/S0370-2693(99)00902-8",
     year           = "1999",
     eprint         = "hep-ex/9906045",
     archivePrefix  = "arXiv",
     primaryClass   = "hep-ex",
     reportNumber   = "FERMILAB-PUB-99-183-E, UMS-HEP-99-020",
     SLACcitation   = "%%CITATION = HEP-EX/9906045;%%",
}

@article{Aitala:2000kk,
     author         = "Aitala, E.M. and others",
     title          = "{Search for rare and forbidden charm meson decays D0 ---&gt; V lepton+ lepton- and h h lepton-lepton}",
     collaboration  = "E791",
     journal        = "Phys. Rev. Lett.",
     volume         = "86",
     pages          = "3969-3972",
     doi            = "10.1103/PhysRevLett.86.3969",
     year           = "2001",
     eprint         = "hep-ex/0011077",
     archivePrefix  = "arXiv",
     primaryClass   = "hep-ex",
     reportNumber   = "UMS-HEP-00-026, FERMILAB-PUB-00-280-E",
     SLACcitation   = "%%CITATION = HEP-EX/0011077;%%",
}

@article{Petric:2010yt,
     author         = "Petric, M. and others",
     title          = "{Search for leptonic decays of $\bm{D^0}$ mesons}",
     collaboration  = "Belle",
     journal        = "Phys. Rev.",
     volume         = "D81",
     pages          = "091102",
     doi            = "10.1103/PhysRevD.81.091102",
     year           = "2010",
     eprint         = "1003.2345",
     archivePrefix  = "arXiv",
     primaryClass   = "hep-ex",
     SLACcitation   = "%%CITATION = ARXIV:1003.2345;%%",
}

@article{Lees:2011qz,
     author         = "Lees, J.~P. and others",
     title          = "{Search for the Decay $D^0 -&gt; \gamma \gamma$ and Measurement of the Branching Fraction for $D^0 -&gt; \pi^0 \pi^0$}",
     collaboration  = "\babar",
      journal        = "Phys. Rev.",
      volume         = "D85",
      pages          = "091107",
      doi            = "10.1103/PhysRevD.85.091107",
      year           = "2012",
     eprint         = "1110.6480",
     archivePrefix  = "arXiv",
     primaryClass   = "hep-ex",
     reportNumber   = "SLAC-PUB-14392, BABAR-PUB-11-004",
     SLACcitation   = "%%CITATION = ARXIV:1110.6480;%%",
}

@article{Link:2003qp,
     author         = "Link, J.M. and others",
     title          = "{Search for rare and forbidden three body dimuon decays of the charmed mesons D+ and D(s)+}",
     collaboration  = "FOCUS",
     journal        = "Phys. Lett.",
     volume         = "B572",
     pages          = "21-31",
     doi            = "10.1016/j.physletb.2003.07.079",
     year           = "2003",
     eprint         = "hep-ex/0306049",
     archivePrefix  = "arXiv",
     primaryClass   = "hep-ex",
     reportNumber   = "FERMILAB-PUB-03-179-E",
     SLACcitation   = "%%CITATION = HEP-EX/0306049;%%",
}

@article{Frabetti:1997wp,
     author         = "Frabetti, P.L. and others",
     title          = "{Search for rare and forbidden decays of the charmed meson D+}",
     collaboration  = "E687",
     journal        = "Phys. Lett.",
     volume         = "B398",
     pages          = "239-244",
     doi            = "10.1016/S0370-2693(97)00229-3",
     year           = "1997",
     reportNumber   = "FERMILAB-PUB-97-029-E",
     SLACcitation   = "%%CITATION = PHLTA,B398,239;%%",
}

@article{Rubin:2010cq,
     author         = "Rubin, P. and others",
     title          = "{Search for rare and forbidden decays of charm and charmed-strange mesons to final states $h^+- e^-+ e^+$}",
     collaboration  = "CLEO",
     journal        = "Phys. Rev.",
     volume         = "D82",
     pages          = "092007",
     doi            = "10.1103/PhysRevD.82.092007",
     year           = "2010",
     eprint         = "1009.1606",
     archivePrefix  = "arXiv",
     primaryClass   = "hep-ex",
     reportNumber   = "CLNS-10-2068, CLEO-10-05",
     SLACcitation   = "%%CITATION = ARXIV:1009.1606;%%",
}

@article{Lees:2011hb,
     author         = "Lees, J.~P. and others",
     title          = "{Searches for Rare or Forbidden Semileptonic Charm Decays}",
     collaboration  = "\babar",
     journal        = "Phys. Rev.",
     volume         = "D84",
     pages          = "072006",
     doi            = "10.1103/PhysRevD.84.072006",
     year           = "2011",
     eprint         = "1107.4465",
     archivePrefix  = "arXiv",
     primaryClass   = "hep-ex",
     reportNumber   = "BABAR-PUB-11-008, SLAC-PUB-14482",
     SLACcitation   = "%%CITATION = ARXIV:1107.4465;%%",
}

@article{Abazov:2007aj,
     author         = "Abazov, V.M. and others",
     title          = "{Search for flavor-changing-neutral-current $D$ meson decays}",
     collaboration  = "\dzero",
     journal        = "Phys. Rev. Lett.",
     volume         = "100",
     pages          = "101801",
     doi            = "10.1103/PhysRevLett.100.101801",
     year           = "2008",
     eprint         = "0708.2094",
     archivePrefix  = "arXiv",
     primaryClass   = "hep-ex",
     reportNumber   = "FERMILAB-PUB-07-423-E",
     SLACcitation   = "%%CITATION = ARXIV:0708.2094;%%",
}

@article{Borisov:2011aa,
     author         = "Borisov, A.V.",
     title          = "{Lepton-number violating meson decays in theories beyond the Standard Model}",
     year           = "2011",
     eprint         = "1112.3269",
     archivePrefix  = "arXiv",
     primaryClass   = "hep-ph",
     reportNumber   = "DESY-PROC-2009-07",
     SLACcitation   = "%%CITATION = ARXIV:1112.3269;%%",
}

@article{Paul:2010pq,
     author         = "Paul, Ayan and Bigi, Ikaros I. and Recksiegel, Stefan",
     title          = "{$D^0 -&gt; \gamma \gamma$ and $D^0 -&gt; \mu^+ \mu^-$ Rates on an Unlikely Impact of the Littlest Higgs Model with T-Parity}",
     journal        = "Phys. Rev.",
     volume         = "D82",
     pages          = "094006",
     doi            = "10.1103/PhysRevD.82.094006, 10.1103/PhysRevD.83.019901, 10.1103/PhysRevD.82.094006, 10.1103/PhysRevD.83.019901",
     year           = "2010",
     eprint         = "1008.3141",
     archivePrefix  = "arXiv",
     primaryClass   = "hep-ph",
     reportNumber   = "UND-HEP-10-BIG03, TUM-HEP-767-10",
     SLACcitation   = "%%CITATION = ARXIV:1008.3141;%%",
}

@article{Golowich:2009ii,
     author         = "Golowich, Eugene and Hewett, JoAnne and Pakvasa, Sandip and Petrov, Alexey A.",
     title          = "{Relating D0-anti-D0 Mixing and D0 ---&gt; l+ l- with New Physics}",
     journal        = "Phys. Rev.",
     volume         = "D79",
     pages          = "114030",
     doi            = "10.1103/PhysRevD.79.114030",
     year           = "2009",
     eprint         = "0903.2830",
     archivePrefix  = "arXiv",
     primaryClass   = "hep-ph",
     reportNumber   = "SLAC-PUB-13565, WSU-HEP-0901, UH-511-1136-3008",
     SLACcitation   = "%%CITATION = ARXIV:0903.2830;%%",
}

@article{Fajfer:2007dy,
     author         = "Fajfer, Svjetlana and Kosnik, Nejc and Prelovsek, Sasa",
     title          = "{Updated constraints on new physics in rare charm decays}",
     journal        = "Phys. Rev.",
     volume         = "D76",
     pages          = "074010",
     doi            = "10.1103/PhysRevD.76.074010",
     year           = "2007",
     eprint         = "0706.1133",
     archivePrefix  = "arXiv",
     primaryClass   = "hep-ph",
     SLACcitation   = "%%CITATION = ARXIV:0706.1133;%%",
}

@article{Fajfer:2002bu,
     author         = "Fajfer, S. and Prapotnik, A. and Prelovsek, Sasa and Singer, P. and Zupan, J.",
     title          = "{The Rare decays of D mesons}",
     journal        = "Nucl. Phys. Proc. Suppl.",
     volume         = "115",
     pages          = "93-97",
     doi            = "10.1016/S0920-5632(02)01961-8",
     year           = "2003",
     eprint         = "hep-ph/0208201",
     archivePrefix  = "arXiv",
     primaryClass   = "hep-ph",
     SLACcitation   = "%%CITATION = HEP-PH/0208201;%%",
}

@article{Burdman:2001tf,
     author         = "Burdman, Gustavo and Golowich, Eugene and Hewett, JoAnne L. and Pakvasa, Sandip",
     title          = "{Rare charm decays in the standard model and beyond}",
     journal        = "Phys. Rev.",
     volume         = "D66",
     pages          = "014009",
     doi            = "10.1103/PhysRevD.66.014009",
     year           = "2002",
     eprint         = "hep-ph/0112235",
     archivePrefix  = "arXiv",
     primaryClass   = "hep-ph",
     reportNumber   = "SLAC-PUB-9057, LBNL-49074, UH-511-957-01",
     SLACcitation   = "%%CITATION = HEP-PH/0112235;%%",
}

@article{Ko:2012px,
      author         = "Ko, B.R.",
      title          = "{Direct CP violation in charm at Belle}",
      collaboration  = "Belle",
      journal        = "PoS",
      volume         = "ICHEP2012",
      pages          = "353",
      year           = "2013",
      eprint         = "1212.1975",
      archivePrefix  = "arXiv",
      SLACcitation   = "%%CITATION = ARXIV:1212.1975;%%",
}

@article{Aaij:2013ria,
      author         = "Aaij, R and others",
      title          = "{Measurements of indirect CP asymmetries in $D^0\to
                        K^-K^+$ and $D^0\to\pi^-\pi^+$ decays}",
      collaboration  = "LHCb",
      journal        = "Phys. Rev. Lett.",
      volume         = "112",
      pages          = "041801",
      doi            = "10.1103/PhysRevLett.112.041801",
      year           = "2014",
      eprint         = "1310.7201",
      archivePrefix  = "arXiv",
      primaryClass   = "hep-ex",
      reportNumber   = "LHCB-PAPER-2013-054, CERN-PH-EP-2013-180",
      SLACcitation   = "%%CITATION = ARXIV:1310.7201;%%",
}

@article{Lees:2012qh,
      author         = "Lees, J.~P. and others",
      title          = "{Measurement of $D^0-\bar{D}^0$ Mixing and CP Violation
                        in Two-Body $D^0$ Decays}",
      collaboration  = "\babar",
      journal        = "Phys. Rev.",
      volume         = "D87",
      pages          = "012004",
      doi            = "10.1103/PhysRevD.87.012004",
      year           = "2013",
      eprint         = "1209.3896",
      archivePrefix  = "arXiv",
      primaryClass   = "hep-ex",
      SLACcitation   = "%%CITATION = ARXIV:1209.3896;%%",
}

@article{LHCb:2013dka,
      author         = "{LHCb collaboration}",
      key            = "1258299",
      title          = "{  A search for time-integrated CP violation in
                        $D^0\rightarrow K^-K^+$   and  $D^0\rightarrow \pi^-\pi^+$
                        decays}",
      year           = "2013",
      reportNumber   = "LHCb-CONF-2013-003, CERN-LHCb-CONF-2013-003",
      SLACcitation   = "%%CITATION = LHCB-CONF-2013-003 ETC.;%%",
}

@article{Staric:2012ta,
      author         = "Staric, Marko",
      title          = "{New Belle results on D0 - D0bar mixing}",
      collaboration  = "Belle",
      year           = "2012",
      eprint         = "1212.3478",
      archivePrefix  = "arXiv",
      SLACcitation   = "%%CITATION = ARXIV:1212.3478;%%",
}

@article{Aaij:2013sua,
      author         = "Aaij, R and others",
      title          = "{Search for D+(s) to pi+ mu+ mu- and D+(s) to pi- mu+ mu+
                        decays}",
      collaboration  = "LHCb",
      journal        = "Phys. Lett.",
      volume         = "B724",
      pages          = "203-212",
      doi            = "10.1016/j.physletb.2013.06.010",
      year           = "2013",
      eprint         = "1304.6365",
      archivePrefix  = "arXiv",
      primaryClass   = "hep-ex",
      reportNumber   = "LHCB-PAPER-2012-051, CERN-PH-EP-2013-061,
                        LHCB-PAPER-2012-051-AND-CERN-PH-EP-2013-061",
      SLACcitation   = "%%CITATION = ARXIV:1304.6365;%%",
}

@article{Aaij:2013cza,
      author         = "Aaij, R and others",
      title          = "{Search for the rare decay $D^0 \to \mu^+ \mu^-$}",
      collaboration  = "LHCb",
      journal        = "Phys. Lett.",
      volume         = "B725",
      pages          = "15-24",
      doi            = "10.1016/j.physletb.2013.06.037",
      year           = "2013",
      eprint         = "1305.5059",
      archivePrefix  = "arXiv",
      primaryClass   = "hep-ex",
      reportNumber   = "CERN-PH-EP-2013-083, LHCB-PAPER-2013-013",
      SLACcitation   = "%%CITATION = ARXIV:1305.5059;%%",
}

@article{Aaij:2013uoa,
      author         = "Aaij, R and others",
      title          = "{Search for the decay $D^0 \to \pi^+ \pi^- \mu^+ \mu^-$}",
      collaboration  = "LHCb",
      journal        = "Phys. Lett.",
      volume         = "B728",
      pages          = "234-243",
      doi            = "10.1016/j.physletb.2013.11.053",
      year           = "2014",
      eprint         = "1310.2535",
      archivePrefix  = "arXiv",
      primaryClass   = "hep-ex",
      reportNumber   = "LHCB-PAPER-2013-050, CERN-PH-EP-2013-183",
      SLACcitation   = "%%CITATION = ARXIV:1310.2535;%%",
}

@article{Aubert:2003fg,
      author         = "Aubert, B. and others",
      title          = "{Observation of a narrow meson decaying to $D_s^+ \pi^0$
                        at a mass of 2.32-GeV/c$^2$}",
      collaboration  = "\babar",
      journal        = "Phys. Rev. Lett.",
      volume         = "90",
      pages          = "242001",
      doi            = "10.1103/PhysRevLett.90.242001",
      year           = "2003",
      eprint         = "hep-ex/0304021",
      archivePrefix  = "arXiv",
      primaryClass   = "hep-ex",
      reportNumber   = "SLAC-PUB-9711, BABAR-PUB-03-011",
      SLACcitation   = "%%CITATION = HEP-EX/0304021;%%",
}

@article{Eisenstein:2008aa,
      author         = "Eisenstein, B.I. and others",
      title          = "{Precision Measurement of B(D+ ---&gt; mu+ nu) and the
                        Pseudoscalar Decay Constant f(D+)}",
      collaboration  = "CLEO",
      journal        = "Phys. Rev.",
      volume         = "D78",
      pages          = "052003",
      doi            = "10.1103/PhysRevD.78.052003",
      year           = "2008",
      eprint         = "0806.2112",
      archivePrefix  = "arXiv",
      primaryClass   = "hep-ex",
      reportNumber   = "CLNS-08-2029, CLEO-08-12",
      SLACcitation   = "%%CITATION = ARXIV:0806.2112;%%",
}

@article{Godfrey:1985xj,
      author         = "Godfrey, S. and Isgur, Nathan",
      title          = "{Mesons in a Relativized Quark Model with
                        Chromodynamics}",
      journal        = "Phys. Rev.",
      volume         = "D32",
      pages          = "189-231",
      doi            = "10.1103/PhysRevD.32.189",
      year           = "1985",
      SLACcitation   = "%%CITATION = PHRVA,D32,189;%%",
}

@article{Godfrey:1986wj,
      author         = "Godfrey, Stephen and Kokoski, Richard",
      title          = "{The Properties of p Wave Mesons with One Heavy Quark}",
      journal        = "Phys. Rev.",
      volume         = "D43",
      pages          = "1679-1687",
      doi            = "10.1103/PhysRevD.43.1679",
      year           = "1991",
      reportNumber   = "TRI-PP-86-51, GIPP-90-6A",
      SLACcitation   = "%%CITATION = PHRVA,D43,1679;%%",
}

@article{Schweitzer:2002nm,
      author         = "Schweitzer, P. and Boffi, S. and Radici, M.",
      title          = "{Polynomiality of unpolarized off forward distribution
                        functions and the D term in the chiral quark soliton
                        model}",
      journal        = "Phys. Rev.",
      volume         = "D66",
      pages          = "114004",
      doi            = "10.1103/PhysRevD.66.114004",
      year           = "2002",
      eprint         = "hep-ph/0207230",
      archivePrefix  = "arXiv",
      primaryClass   = "hep-ph",
      SLACcitation   = "%%CITATION = HEP-PH/0207230;%%",
}

@article{Jugeau:2005yr,
      author         = "Jugeau, F. and Le Yaouanc, A. and Oliver, L. and Raynal,
                        J.-C.",
      title          = "{The Decays anti-B ---&gt; D** pi and the Isgur-Wise
                        functions tau(1/2) (w), tau(3/2) (w)}",
      journal        = "Phys. Rev.",
      volume         = "D72",
      pages          = "094010",
      doi            = "10.1103/PhysRevD.72.094010",
      year           = "2005",
      eprint         = "hep-ph/0504206",
      archivePrefix  = "arXiv",
      primaryClass   = "hep-ph",
      reportNumber   = "LPT-ORSAY-05-07",
      SLACcitation   = "%%CITATION = HEP-PH/0504206;%%",
}

@article{Cahn:2003cw,
      author         = "Cahn, Robert N. and Jackson, John David",
      title          = "{Spin orbit and tensor forces in heavy quark light quark
                        mesons: Implications of the new D(s) state at 2.32-GeV}",
      journal        = "Phys. Rev.",
      volume         = "D68",
      pages          = "037502",
      doi            = "10.1103/PhysRevD.68.037502",
      year           = "2003",
      eprint         = "hep-ph/0305012",
      archivePrefix  = "arXiv",
      primaryClass   = "hep-ph",
      reportNumber   = "LBNL-52572",
      SLACcitation   = "%%CITATION = HEP-PH/0305012;%%",
}
